2409 2915
84 131 158 166 795

79 216 230 251 Prorsus
253 218 462 250 exsecranda
487 223 537 249 est
562 213 646 249 haec
670 216 775 250 stulta
800 214 1064 261 hypocritarum

78 267 282 313 persuasio,
310 267 372 311 qui
397 265 458 300 has
482 266 731 311 promissiones
753 273 1005 310 aspernantur,
1033 272 1064 300 et

79 319 281 353 existimant
300 316 502 352 Christiano
525 315 670 350 homine
694 318 882 361 indignum
906 329 978 350 esse
1005 329 1065 361 pe-

79 377 153 404 tere
169 370 263 403 bona
278 369 486 412 corporalia.
540 367 614 402 Imo
631 365 695 402 hac
714 368 787 412 ipsa
801 369 970 413 petitione
989 367 1064 402 Deo

79 418 254 455 honorem
273 419 431 453 debitum
447 419 593 460 tribuis,
625 432 703 453 cum
733 420 770 452 in
796 420 961 464 periculis
987 431 1066 453 cor·-

79 471 280 517 poralibus,
305 469 349 503 ab
367 470 442 514 ipso
459 470 629 504 auxilium
648 470 736 515 petis
757 477 790 504 et
813 477 1005 515 exspectas,
1032 476 1064 504 et

78 521 236 566 agnoscis
253 521 297 554 ab
312 520 387 565 ipso
404 518 495 555 hanc
512 521 620 554 vitam
641 528 784 566 propter
793 520 984 556 Ecclesiam
1002 522 1064 554 de-

79 573 176 607 fendi
194 584 232 605 ac
249 571 393 606 servari.

178 621 293 656 Simul
312 629 427 656 autem
453 629 485 655 et
508 620 574 656 hoc
592 630 740 664 statuas,
768 635 972 670 quanquam
989 623 1065 655 vult

76 674 172 708 Deus
197 672 360 715 colligere
386 680 419 706 et
444 685 583 706 servare
597 672 810 712 Ecclesiam,
845 680 963 707 tamen
989 685 1063 706 eam

75 723 239 757 mirando
257 723 405 757 consilio
422 725 517 757 cruci
533 725 722 758 subiectam
739 736 823 758 esse.
876 724 917 758 In
934 736 973 758 ea
990 724 1064 757 vult

75 774 234 818 singulos
255 775 413 820 accipere
433 782 467 809 et
489 775 685 820 intelligere
709 776 960 820 promissiones
985 786 1063 808 cum

75 826 278 870 exceptione
310 826 547 869 castigationis
577 828 774 867 et‚crucis,
823 827 901 860 vult
931 838 1062 861 unum-

75 888 250 922 quemque
282 887 355 910 sese
386 877 514 910 offerre
545 878 588 910 ad
619 878 856 912 obedientiam
884 878 922 911 in
949 889 1062 918 cruce,

74 928 170 962 iuxta
186 927 404 961 voluntatem
424 926 510 969 Dei,
539 929 629 963 sicut
654 930 727 973 ipse
744 927 909 963 Christus
934 929 1060 961 volun-

73 979 138 1013 tati
159 978 302 1012 divinae
317 990 353 1012 se
371 979 533 1021 subiicit,
566 980 748 1025 inquiens:
780 979 900 1020 Pater,
935 980 963 1012 si
981 990 1062 1023 pos-

73 1029 176 1064 sibile
198 1036 269 1070 est,
303 1037 458 1064 transeat
482 1043 501 1064 a
524 1043 580 1064 me
603 1032 693 1064 calix
717 1032 799 1071 iste,
832 1031 892 1064 sed
917 1031 976 1064 fiat
999 1041 1061 1063 vo-

73 1081 192 1115 luntas
209 1087 280 1115 tua.
323 1080 375 1114 Ita
395 1087 428 1114 et
437 1080 552 1115 David
569 1082 719 1116 reditum
738 1082 824 1126 petit
840 1089 872 1116 et
889 1087 1062 1125 exspectat

74 1144 153 1166 cum
184 1129 249 1165 hac
281 1132 501 1176 exceptione,
543 1139 582 1166 ut
614 1132 673 1167 fiat
707 1133 871 1166 voluntas
903 1132 1061 1167 Domini.

72 1182 208 1216 Eodem
230 1183 337 1216 modo
363 1194 429 1216 nos
453 1195 594 1229 quoque
610 1184 678 1217 fide
696 1191 854 1228 petamus
874 1185 967 1217 bona
984 1195 1062 1216 cor-

72 1233 208 1279 poralia
224 1234 416 1266 necessaria
433 1235 536 1267 nobis
552 1241 584 1268 et
599 1235 696 1275 aliis,
722 1235 813 1268 utin
830 1232 895 1268 1130
912 1234 985 1278 ipsa
1001 1246 1061 1277 pe-

73 1285 200 1319 titione
219 1284 262 1317 ad
284 1284 523 1318 obedientiam
547 1297 619 1318 sese
643 1285 792 1329 quilibet
814 1285 910 1318 iuxta
933 1285 1061 1317 volun-

71 1341 177 1370 tatem
194 1333 260 1368 Dei
280 1334 423 1373 offerat,
447 1335 551 1368 sicuti
573 1336 732 1379 leprosus
756 1335 792 1367 in
809 1332 874 1367 hac
892 1335 1061 1368 concione

72 1385 204 1431 inquit:
233 1383 403 1426 Domine,
428 1385 456 1418 si
475 1386 546 1426 vis,
576 1392 673 1430 potes
690 1397 745 1418 me
763 1386 945 1419 mundare.
984 1384 1061 1418 Ad-

73 1437 126 1471 dit
145 1435 386 1469 conditionem
413 1436 649 1480 pertinentem
675 1437 719 1469 ad
743 1436 951 1480 petitionem
974 1436 1061 1469 boni

72 1486 284 1531 corporalis,
309 1493 342 1520 et
358 1493 478 1520 tamen
493 1494 543 1521 est
558 1499 597 1521 30
613 1487 723 1531 fulget
740 1487 778 1520 in
795 1487 870 1532 ipso
895 1499 976 1520 vera
1001 1487 1060 1520 lux

70 1538 173 1576 fidei,
201 1549 270 1583 qua
286 1545 380 1571 certo
401 1538 539 1572 statuit:
577 1537 646 1572 Hic
669 1539 794 1572 doctor
818 1550 835 1571 a
852 1538 927 1572 Deo
944 1537 1060 1571 Abra-

70 1588 138 1624 hae
158 1589 302 1629 missus,
337 1589 399 1634 qui
420 1589 702 1623 benedictionem
721 1587 888 1622 Abrahae
909 1589 1060 1633 promis-

71 1653 144 1676 sam
160 1639 265 1673 nobis
281 1639 423 1680 afferat,
457 1640 517 1684 qui
535 1641 690 1674 remittat
705 1638 794 1673 mihi
812 1647 950 1684 peccata
962 1667 971 1681 ‚
999 1640 1061 1685 qui

69 1691 186 1727 Deum
202 1688 292 1724 mibi
308 1690 478 1734 placabit,
507 1703 563 1724 me
579 1691 725 1735 recipiet
740 1703 778 1724 ac
795 1690 962 1731 salvabit,
989 1691 1061 1724 scio

71 1742 240 1777 Messiam
257 1752 329 1774 esse
344 1741 455 1774 filium
471 1739 557 1780 Dei,
584 1742 645 1787 qui
661 1748 840 1785 peccatum
858 1753 895 1774 ac
910 1748 1059 1774 mortem

71 1794 173 1829 tollet
196 1803 235 1826 ac
259 1791 434 1833 abolebit,
477 1799 591 1826 statuo
617 1792 726 1836 igitur
757 1798 791 1825 et
823 1789 915 1825 hanc
945 1804 1059 1825 meam

71 1845 205 1889 lepram
223 1843 268 1875 ab
284 1843 360 1886 ipso
379 1843 494 1875 curari
511 1854 629 1886 posse,
658 1849 691 1876 et
707 1840 771 1876 hac
787 1843 855 1876 fide
874 1843 945 1876 scio
964 1855 1061 1876 acce-

73 1895 230 1930 dendum
253 1893 297 1926 ad
320 1890 415 1926 hunc
438 1894 636 1933 doctorem,
664 1900 698 1928 et
720 1894 891 1927 auxilium
908 1895 945 1927 in
964 1894 1060 1927 vale-

68 1945 195 1981 tudine
227 1944 384 1988 corporis
415 1945 658 1989 quaerendum
689 1950 723 1978 et
753 1945 944 1988 petendum
976 1956 1060 1986 esse,

69 2010 145 2032 non
173 1994 299 2029 dubito
329 1995 527 2039 intelligere
560 1993 656 2029 hunc
678 1994 873 2029 Dominum
899 2008 992 2029 meas
1023 1996 1061 2028 in

69 2056 141 2083 tam
163 2058 266 2080 saevo
290 2046 414 2079 morbo
440 2058 643 2087 aerumnas,
678 2059 786 2092 quare
809 2054 842 2081 et
867 2046 1060 2090 mitigatio-

72 2111 153 2133 nem
171 2096 306 2141 abipso
328 2104 500 2141 exspecto.
559 2095 685 2131 Offero
707 2104 823 2131 autem
848 2109 903 2130 me
928 2099 971 2131 ad
995 2099 1061 2131 ob-

73 2148 285 2191 edientiam,
327 2148 410 2191 quia
433 2155 467 2182 et
490 2145 556 2182 hoc
581 2155 714 2189 statuo,
753 2146 850 2182 hunc
880 2149 1058 2181 doctorem

71 2213 136 2246 pro
165 2198 376 2233 admirando
408 2210 471 2232 suo
502 2199 650 2233 consilio
682 2199 897 2242 intelligere,
939 2206 1059 2233 utrum

72 2251 207 2287 diutius
230 2250 267 2282 in
290 2246 358 2282 1100
379 2250 504 2283 1001110
529 2250 679 2283 exerceri
703 2263 758 2283 me
785 2256 954 2293 oporteat.
1008 2249 1060 2283 Ita

72 2303 232 2337 videmus
248 2312 320 2334 non
336 2312 493 2344 pugnare
511 2298 596 2334 haec
623 2302 712 2340 duo,
738 2307 854 2345 petere
877 2301 1060 2342 auxilium,

73 2361 107 2389 et
120 2354 165 2388 ad
183 2351 420 2387 obedientiam
438 2363 474 2385 se
491 2352 631 2385 offerre.
683 2351 757 2385 Nec
781 2358 830 2385 est
855 2352 953 2385 irrita
979 2352 1060 2386 talis

71 2404 266 2442 invocatio,
295 2403 354 2436 sed
373 2414 509 2447 semper
525 2409 584 2436 aut
608 2402 864 2445 mitigationem
888 2410 949 2437 aut
969 2403 1059 2436 libe-

72 2456 245 2491 rationem
264 2454 357 2488 iuxta
376 2454 562 2487 consilium
583 2452 648 2487 Dei
667 2454 841 2498 impetrat.

174 2506 228 2541 Sit
245 2505 354 2549 igitur
368 2505 537 2539 omnibus
553 2505 735 2539 notissima
749 2505 909 2538 doctrina
927 2506 970 2538 de
986 2505 1059 2539 dis-

73 2558 221 2592 crimine
244 2555 538 2601 promissionum,
574 2557 618 2589 de
640 2556 812 2590 exercitiis
838 2556 918 2589 fidei
942 2563 977 2590 et
1002 2557 1059 2590 in-

73 2608 267 2644 vocationis
288 2608 327 2640 in
350 2607 509 2651 petendis
536 2607 639 2641 bonis
663 2607 923 2651 corporalibus:
961 2615 994 2641 et
1020 2607 1057 2641 in

74 2659 295 2694 invocatione
325 2658 531 2703 quotidiana
558 2656 642 2692 hat-c
663 2659 823 2692 exercitia
851 2659 1056 2702 cogitentur.

75 2708 164 2744 Nam
183 2710 334 2756 quinon
357 2717 518 2744 exercent
541 2717 602 2744 aut
624 2709 764 2745 discunt
786 2707 869 2743 haec
894 2710 931 2743 in
954 2711 1057 2744 invo-

334 130 416 167 XII.

469 127 858 166 ANNOTATIONES
884 127 950 164 ΕΤ
978 125 1258 164 CONCIONES
1287 127 1335 162 IN
1363 125 1547 161 EVANG.
1575 125 1852 161 MATTHAEI.

2034 126 2107 160 794

1119 214 1272 253 catione,
1300 211 1337 246 hi
1358 224 1422 245 nec
1441 212 1646 255 intelligunt
1662 212 1740 245 'vim
1764 209 1871 245 huius
1894 211 2108 245 consolatio-

1119 265 1193 305 nis,
1242 271 1274 297 et
1300 270 1444 296 manent
1467 263 1504 295 in
1529 270 1695 307 perpetua
1717 263 1865 305 caligine
1894 275 1932 296 ac
1965 262 2108 296 dubita-

1118 316 1232 355 tione,
1265 326 1329 347 ncc
1357 314 1636 347 consolationem
1659 314 1767 347 ullam
1790 315 1828 346 in
1856 313 2108 348 certaminibus

1117 365 1353 400 conscientiae
1372 364 1541 398 sentiunt.

1219 432 1364 466 Necesse
1383 439 1433 466 est
1457 438 1490 465 et
1509 428 1577 464 1100
1603 431 1683 464 50111
1706 431 1744 464 in
1768 428 1825 463 his
1847 431 1932 476 ipsis
1954 432 2107 476 promis-

1118 484 1296 522 sionibus,
1325 482 1460 516 etiamsi
1484 494 1557 515 non
1583 482 1742 527 sequitur
1765 482 1927 515 liberatio
1951 483 1988 515 in
2012 482 2107 526 peri-

1117 536 1205 569 culis
1223 546 1429 579 corporum,
1464 540 1581 567 tamen
1596 532 1783 577 promissio
1800 532 1977 565 bonorum
1995 540 2106 566 aeter-

1117 598 1245 620 norum
1270 597 1343 618 non
1369 592 1420 618 est
1447 584 1644 617 abiicienda
1671 590 1733 617 aut
1756 584 1996 627 repudianda,
2024 595 2107 627 pro-

1117 644 1234 681 pterea
1252 637 1346 682 quod
1365 646 1503 668 necesse
1521 642 1570 669 est
1587 636 1628 668 ad
1648 634 1887 668 obedientiam
1907 646 1941 667 se
1965 633 2104 668 offerre.

1116 688 1205 722 Nam
1233 700 1310 720 cum
1334 687 1521 731 promissio
1547 686 1738 730 spiritualis
1760 685 1945 725 abiicitur,
1988 691 2107 717 manet

1117 740 1154 772 in
1171 739 1276 772 corde
1294 736 1477 771 horribilis
1501 737 1663 770 fremitus
1684 737 1836 770 irascens
1851 735 1943 776 Deo,
1969 742 2003 769 et
2021 747 2107 768 con-

1117 789 1263 824 tumelia
1280 801 1359 823 eum
1382 788 1557 828 afficiens,
1590 794 1622 821 et
1646 788 1717 820 ruit
1745 799 1803 820 cor
1828 787 1866 819 in
1891 786 2107 830 desperatio-

1116 853 1198 875 nem
1225 847 1258 874 et
1280 841 1369 873 iram
1395 847 1584 874 aeternam.
1644 837 1733 871 Fide
1756 837 1864 880 igitur
1889 837 2049 870 intuente
2074 843 2106 870 et

1116 892 1309 936 accipiente
1324 892 1416 925 bona
1432 897 1572 924 aeterna
1588 889 1635 923 ita
1652 900 1724 922 sese
1741 889 1850 932 erigat
1866 900 1905 921 ac
1920 894 2104 921 sustentet:

1117 943 1222 987 Quod
1240 943 1269 975 si
1285 942 1433 976 consilio
1452 940 1713 986 sapientissimo
1732 939 1827 974 Deus
1845 939 1922 972 vult
1938 950 1993 971 me
2011 938 2107 971 cruci

1115 994 1310 1028 subiectum
1328 1004 1419 1031 esse,
1447 999 1563 1026 tamen
1580 991 1652 1024 scio
1671 1003 1710 1024 ac
1726 997 1822 1024 certo
1839 996 1953 1024 statuo
1967 1001 2024 1022 me
2044 1000 2107 1033 per

1116 1053 1148 1079 et
1166 1052 1310 1089 propter
1325 1044 1438 1077 filium
1454 1042 1522 1077 Dei
1540 1049 1636 1076 certo
1660 1042 1792 1075 iustum
1813 1053 1905 1081 esse,
1932 1046 2026 1074 certo
2051 1051 2107 1073 re-

1116 1097 1184 1141 cipi
1201 1103 1233 1129 et
1250 1095 1378 1129 salvari
1395 1094 1548 1128 animam
1565 1105 1697 1133 meam,
1726 1090 1820 1126 hunc
1838 1090 2011 1125 honorem
2034 1090 2106 1124 scio

1115 1160 1170 1180 me
1195 1147 1322 1180 debere
1340 1145 1433 1186 Deo,
1459 1152 1498 1178 ut
1521 1145 1660 1177 credam
1686 1143 1779 1184 filio,
1813 1150 1845 1177 et
1868 1149 2017 1177 statuam
2045 1153 2107 1186 per

1115 1199 1230 1242 ipsum
1261 1195 1351 1230 101111
1382 1195 1552 1230 1051111310
1576 1202 1610 1229 et
1633 1195 1740 1228 vitam
1765 1201 1943 1228 aeternam
1967 1192 2107 1233 donari,

1116 1247 1222 1282 huius
1247 1248 1310 1281 filii
1337 1247 1500 1281 meritum
1524 1258 1598 1279 non
1619 1246 1834 1289 aspernabor
1851 1251 1912 1279 aut
1931 1244 2108 1284 abiiciam,

1116 1299 1252 1333 etiamsi
1270 1298 1426 1339 morbis,
1453 1304 1658 1342 paupertate
1676 1303 1709 1330 et
1733 1296 1909 1330 similibus
1928 1294 2107 1328 aerumnis

1115 1350 1252 1383 duriter
1268 1361 1441 1383 exerceor.
1496 1347 1547 1382 Ita
1567 1346 1630 1380 Iob
1644 1358 1717 1381 sese
1742 1347 1844 1390 erigit
1870 1359 1908 1379 30
1933 1351 2107 1379 sustentat

1115 1401 1301 1446 inquiens:
1330 1398 1481 1434 Etiamsi
1496 1398 1632 1433 occidet
1648 1410 1723 1439 me,
1749 1405 1868 1431 tamen
1893 1397 2039 1441 sperabo
2069 1396 2106 1428 in

1116 1464 1209 1486 eum.
1264 1451 1345 1486 Scio
1363 1458 1491 1485 restare
1507 1449 1613 1483 aliam
1633 1449 1762 1490 vitam,
1788 1460 1894 1493 quam
1911 1459 1985 1480 non
2003 1446 2106 1480 amit-

1115 1510 1207 1546 tam,
1235 1502 1371 1536 etiamsi
1388 1500 1473 1535 haec
1491 1511 1699 1534 aerumnosa
1719 1500 1878 1544 corporis
1903 1499 1974 1532 vita
2000 1497 2106 1531 amit-

1115 1556 1221 1588 tenda
1239 1566 1277 1586 ac
1293 1554 1485 1586 deserenda
1507 1559 1566 1587 est.
1620 1551 1675 1585 Sit
1690 1551 1797 1594 igitur
1812 1551 1957 1584 infixum
1979 1548 2107 1583 animis

1115 1606 1248 1639 dictum
1265 1603 1329 1637 Iob
1347 1604 1545 1647 capite13.:
1571 1600 1723 1636 Etiamsi
1740 1602 1873 1634 occidet
1890 1613 1964 1641 me,
1989 1606 2107 1632 tamen

1116 1656 1263 1699 sperabo
1280 1655 1318 1687 in
1335 1667 1425 1687 eum.
1479 1653 1566 1686 Nam
1585 1653 1702 1686 statim
1721 1649 1899 1696 posthaec
1916 1651 2022 1683 verba
2041 1651 2106 1682 do-

1115 1707 1227 1740 ctrina
1244 1707 1286 1738 de
1303 1711 1441 1749 peccato
1458 1703 1696 1747 subiungitur,
1723 1714 1803 1736 cum
1815 1702 1948 1747 inquit:
1977 1699 2106 1735 Coram

1116 1757 1192 1801 ipso
1210 1757 1283 1789 vias
1306 1767 1399 1788 meas
1423 1766 1587 1798 arguam:
1617 1753 1715 1799 quasi
1732 1753 1877 1788 diceret:
1907 1751 2035 1786 Fateor
2051 1763 2105 1784 me

1116 1819 1232 1841 coram
1266 1807 1344 1851 ipso
1378 1803 1598 1839 horribiliter
1621 1816 1720 1837 reum
1751 1816 1789 1837 ac
1821 1804 1997 1848 pollutum
2023 1813 2107 1842 esse,

1115 1859 1174 1892 sed
1192 1858 1266 1902 ipse
1282 1857 1347 1891 erit
1361 1856 1525 1891 Salvator
1540 1867 1651 1889 111005.
1703 1853 1845 1899 Recipit
1861 1866 1916 1888 me
1934 1855 2106 1887 immensa

1114 1909 1274 1943 bonitate
1302 1914 1446 1952 propter
1472 1906 1731 1944 Mediatorem,
1774 1903 1840 1939 hac
1862 1917 1918 1938 me
1944 1904 2106 1938 consola-

1114 1961 1211 1994 tione
1227 1959 1324 2003 erigo
1342 1970 1381 1992 ac
1395 1964 1574 1998 sustento,
1602 1969 1707 2002 quam
1732 1956 1804 1990 scio
1828 1963 1957 1990 certam
1983 1962 2016 1989 et
2039 1955 2106 1987 im-

1114 2018 1245 2044 motam
1271 2022 1364 2054 esse,
1392 2008 1489 2043 Deus
1517 2015 1569 2043 est
1590 2015 1624 2042 et
1650 2008 1716 2042 erit
1741 2008 1779 2040 in
1804 2014 1876 2042 tota
1901 2006 2106 2041 aeternitate

1115 2061 1279 2097 Salvator
1295 2072 1404 2096 meus.

1218 2127 1356 2171 Quare,
1383 2134 1422 2161 ut
1439 2126 1512 2160 dixi
1529 2127 1566 2159 in
1582 2126 1681 2160 omni
1695 2125 1920 2160 invocatione
1945 2122 2030 2157 11300
2046 2135 2105 2156 00-

1114 2179 1255 2224 gitanda
1274 2185 1371 2213 sunt:
1406 2176 1681 2212 Consideremus
1697 2185 1846 2222 utraque
1863 2173 2016 2219 pericula
2034 2174 2105 2218 spi-

1115 2230 1257 2264 ritualia
1283 2242 1322 2263 ac
1345 2229 1560 2274 corporalia,
1589 2235 1622 2262 et
1640 2229 1833 2267 discamus,
1859 2225 1944 2270 quid
1964 2232 1997 2259 et
2015 2237 2105 2270 quo-

1114 2282 1221 2315 modo
1237 2281 1428 2326 petendum
1447 2280 1502 2314 sit.
1563 2278 1604 2313 In
1627 2279 1756 2313 talibus
1780 2277 1952 2311 exercitiis
1978 2282 2106 2310 crescet

1113 2333 1174 2367 lux
1198 2333 1280 2366 fidei
1305 2333 1341 2365 in
1367 2332 1551 2371 cordibus,
1594 2336 1626 2363 et
1651 2329 1778 2363 rectius
1808 2327 1961 2371 intelligi
1987 2326 2106 2360 omnia

1113 2390 1293 2429 poterunt.
1360 2383 1521 2417 Sciamus
1544 2387 1577 2414 et
1601 2378 1685 2421 hoc,
1728 2379 1862 2425 requiri
1885 2379 1921 2411 in
1947 2378 2105 2411 moribus

1112 2436 1340 2473 modestiam,
1365 2440 1406 2467 ut
1423 2433 1496 2466 fieri
1515 2431 1692 2466 invocatio
1715 2438 1747 2465 et
1772 2430 1915 2465 accendi
1941 2428 2105 2472 cogitatio

1113 2487 1156 2520 de
1174 2488 1282 2520 tantis
1299 2485 1404 2518 rebus
1426 2483 1546 2528 possit.

1215 2553 1350 2588 Multae
1366 2558 1448 2585 sunt
1463 2562 1605 2588 causae,
1634 2562 1722 2595 quae
1747 2548 1936 2582 accendere
1961 2547 2104 2581 invoca-

1113 2605 1246 2640 tionem
1263 2605 1299 2637 in
1319 2603 1484 2637 omnibus
1503 2602 1694 2635 debebant:
1721 2598 1841 2634 haeret
1864 2605 2042 2643 peccatum
2067 2598 2105 2631 in

1112 2657 1298 2693 omnibus,
1327 2662 1358 2688 et
1375 2665 1506 2699 poenae
1524 2660 1742 2696 peccatorum
1759 2657 1953 2685 cernuntur
1976 2650 2014 2683 in
2037 2650 2105 2682 mi-

1111 2709 1210 2742 seriis
1226 2708 1317 2741 vitae
1333 2705 1611 2750 multiplicibus,
1639 2710 1721 2738 sunt
1748 2703 1783 2735 in
1807 2707 1996 2747 conspectu
2013 2700 2104 2735 bella
