2409 2915
305 67 379 103 987
908 57 1021 93 PHlL

409 150 553 189 Monet,
580 154 621 182 ut
635 145 745 180 simus
765 144 950 188 vigilantes
964 142 1001 176 in
1018 142 1201 177 doctrinae
1216 153 1302 176 con·

310 202 526 240 servatione,
549 199 586 232 in
613 196 852 242 poenitentia,
878 194 917 228 in
940 193 1182 234 invocatione,
1209 199 1243 226 et
1265 192 1303 224 in

310 253 466 288 vitandis
496 248 770 294 impedimentis.
832 245 916 279 Ideo
949 245 1052 279 dicit:
1087 243 1162 287 Qui
1193 250 1244 277 est
1266 243 1304 275 in

310 311 420 343 tecto,
447 314 522 336 non
545 300 750 339 descendat,
777 304 815 331 ut
839 297 974 330 auferat
998 295 1132 341 aliquid
1151 301 1213 328 etc.
1264 293 1303 327 ld

313 363 380 389 est:
410 353 490 387 Non
508 351 585 385 sitis
602 349 763 395 impediti
780 359 862 381 cura
881 347 1174 381 cumulandarum
1187 356 1307 388 opum,

313 413 373 440 aut
398 405 640 447 voluptatum,
667 406 728 434 aut
751 399 900 433 aliarum
917 409 1037 431 rerum
1055 396 1308 441 corporalium,

314 465 352 491 ut
377 453 560 497 negligatis
586 451 784 485 doctrinam
809 455 843 483 et
866 448 1146 487 invocationem,
1174 447 1234 480 sed
1254 446 1308 478 vi-

314 514 384 541 tate
406 505 525 539 omnia
545 503 627 537 talia
645 500 913 546 impedimenta.
967 498 1100 533 Scitote
1119 509 1200 541 ergo
1219 495 1310 530 hanc

314 556 597 592 admonitionem
615 552 802 598 praecipue
818 550 1005 595 complecti
1021 547 1106 583 haec
1122 554 1290 594 quatuor:

423 617 456 651 1.
511 614 643 647 Curam
661 610 914 645 custodiendae
930 609 1125 644 doctrinae.

420 669 456 702 2.
509 663 783 698 Paenitentiam.

420 718 455 752 5.
510 714 786 748 Invocationem.

422 767 457 802 4.
508 764 639 800 Curam
660 763 795 798 vitandi
814 759 1078 806 impedimenta.

393 818 448 852 De
484 817 645 850 doctrina
681 815 770 849 dixit
808 813 926 858 prius,
966 818 998 844 et
1040 807 1114 843 hic:
1158 807 1313 852 Surgent

319 866 674 913 pseudoprophetae,
715 865 830 899 videte
869 874 914 896 ne
948 859 1197 905 decipiamini,
1240 871 1313 892 non

322 921 483 956 credatis.

423 970 471 1005 Et
495 971 530 1004 2.
550 965 644 1001 Petri
663 966 716 1000 5.:
746 963 891 1004 Cavete,
926 974 972 996 ne
995 961 1188 1006 impiorum
1213 961 1316 994 dece-

322 1025 443 1070 ptione
474 1018 629 1057 seducti,
669 1015 838 1050 excidatis
871 1026 911 1047 ex
942 1013 1085 1057 propria
1114 1012 1317 1052 stabilitate,

321 1077 379 1109 sed
406 1070 568 1107 crescatis
595 1069 633 1101 in
658 1067 769 1111 gratia
785 1073 819 1101 et
836 1064 1018 1109 agnitione
1035 1063 1184 1097 Domini
1205 1063 1316 1097 nostri

323 1125 400 1160 lesu
420 1121 567 1157 Christi.

427 1176 481 1209 De
498 1168 716 1217 poenitentia
727 1177 866 1210 semper
877 1165 1003 1199 clamat
1014 1161 1101 1198 haec
1113 1176 1198 1198 vox:
1224 1162 1317 1197 Vivo

324 1239 386 1270 ego
401 1253 410 1267 ,
437 1225 524 1259 dicit
541 1221 738 1268 Dominus,
763 1217 847 1250 nolo
865 1223 1014 1250 mortem
1031 1215 1223 1260 peccatoris
1241 1222 1306 1249 etc.

424 1283 478 1319 De
495 1280 721 1316 invocatione
737 1277 822 1311 dicit
838 1277 875 1309 in
884 1275 996 1309 Luca:
1025 1272 1157 1316 Orate,
1182 1281 1222 1308 ut
1239 1286 1319 1319 pos-

325 1337 401 1371 sitis
428 1335 582 1378 effugere
606 1330 691 1364 haec
715 1329 819 1364 mala.
871 1327 953 1361 Hoc
977 1327 1068 1359 bene
1088 1326 1320 1359 consideran-

325 1392 410 1422 dum
431 1393 501 1425 est,
528 1383 622 1429 quod
640 1381 801 1414 adfirmat
819 1377 912 1422 parci
932 1375 1110 1410 Ecclesiae
1126 1376 1320 1416 invoc'anti,

326 1447 357 1473 et
377 1438 471 1483 quod
491 1442 630 1468 nostrae
649 1430 868 1475 precationes
884 1440 958 1461 non
974 1428 1046 1461 sint
1063 1427 1218 1462 inutiles.

430 1495 496 1528 Hic
518 1493 618 1526 dicit:
648 1489 776 1527 Orate,
806 1500 850 1520 ne
875 1487 954 1529 fuga
972 1492 1086 1519 vestra
1103 1486 1161 1519 fiat
1177 1486 1212 1518 in
1231 1484 1320 1519 Sab-

326 1550 429 1585 bato,
457 1552 515 1579 aut
540 1545 575 1576 in
602 1540 736 1576 hieme..
766 1539 800 1571 id
827 1545 896 1576 est,
925 1549 969 1569 ne
990 1537 1148 1569 incidant
1170 1536 1321 1579 impedi-

325 1605 442 1632 menta
465 1602 607 1639 propter
626 1601 792 1636 pavores,
819 1596 877 1622 aut
897 1595 1041 1630 propter
1062 1594 1295 1620 securitatem.

429 1655 551 1689 Hiems
569 1650 740 1693 significat
759 1658 924 1691 pavores,
954 1646 1043 1679 sicut
1060 1651 1155 1678 metu
1172 1656 1322 1688 pauper-

328 1708 408 1743 tatis
424 1713 483 1740 aut
504 1701 788 1749 persecutionum
809 1697 912 1730 multi
932 1696 1098 1729 deficiunt
1113 1707 1131 1728 a
1149 1696 1324 1730 doctrina.

431 1765 626 1800 Sabbatum
666 1758 838 1801 significat
872 1755 1094 1789 securitatem
1131 1761 1164 1788 et
1197 1755 1323 1793 otium,

330 1819 473 1865 quidam
498 1817 582 1848 dum
607 1811 714 1845 nimis
731 1807 842 1842 securi
862 1813 966 1847 sunt,
994 1818 1066 1838 non
1084 1812 1208 1839 cavent
1224 1817 1323 1839 erro-

329 1882 404 1909 res,
439 1874 471 1901 et
500 1865 607 1899 simul
638 1863 685 1896 ita
711 1861 801 1894 sicut
825 1858 915 1892 ebrii
940 1854 1132 1891 trahuntur
1154 1858 1196 1890 ad
1221 1857 1324 1890 falses

331 1920 530 1966 opiniones.
951 1958 959 1966 .
1032 1958 1040 1966 ο
1065 1958 1073 1966 ι

438 1969 492 2003 De
528 1963 683 1999 vitandis
715 1960 979 2005 impedimentis
1005 1959 1153 1991 dicitur:
1198 1954 1324 1992 Atten-

332 2023 424 2061 dite,
452 2031 496 2052 ne
519 2017 624 2051 corda
648 2019 760 2046 vestra
779 2018 970 2054 graventur
986 2009 1151 2054 crapula,
1179 2015 1212 2042 et
1232 2009 1324 2043 curis

333 2075 466 2111 victus,
494 2069 583 2103 sicut
602 2067 668 2099 iam
688 2069 846 2097 crescunt
865 2062 987 2100 luxus,
1016 2060 1182 2099 ambitio,
1210 2060 1325 2093 avari-

332 2126 401 2162 tia,
429 2131 571 2159 usurae,
598 2115 853 2153 helluationes,
882 2112 1113 2157 profusiones.
1168 2109 1263 2145 Haec
1281 2112 1325 2144 de

335 2172 578 2210 admonitione
593 2168 685 2202 dicta
704 2166 784 2198 sint.

436 2230 607 2276 Sequitur
631 2223 847 2264 consolatio,
876 2233 965 2268 quae
982 2221 1141 2256 continet
1158 2219 1243 2256 haec
1259 2222 1327 2256 tria

334 2285 507 2319 membra:

444 2336 475 2368 l.
530 2328 824 2365 promissionem.
859 2325 953 2370 qnod
981 2321 1135 2357 Ecclesia
1161 2325 1204 2357 sit
1227 2336 1328 2357 man-

337 2374 418 2421 sura
444 2395 555 2429 usque
580 2382 621 2414 ad
649 2377 942 2413 resurrectionem
962 2375 997 2408 in
1017 2372 1082 2408 liac
1099 2376 1168 2409 vita
1182 2403 1190 2416 ‚
1217 2382 1247 2409 et
1266 2377 1327 2408 (Ιρ-

339 2439 457 2481 inceps
477 2435 511 2467 in
530 2440 682 2466 aeterna.
1009 2475 1017 2484 .
1303 2477 1310 2484 ι

442 2489 477 2522 2.
532 2481 824 2522 promissionem,
860 2477 954 2522 quod
989 2483 1058 2511 etto
1091 2484 1260 2509 venturus
1285 2484 1326 2510 stt

338 2540 417 2573 finis
442 2536 680 2571 calamitatum
710 2532 744 2564 in
771 2528 835 2564 liae
862 2529 954 2567 vita,
980 2534 1012 2561 et
1038 2528 1131 2572 quod
1153 2527 1328 2562 Dominus

339 2593 408 2624 rito
431 2589 474 2623 sit
493 2585 762 2621 resuscitaturus
780 2587 955 2618 mortuos,
982 2585 1014 2612 et
1032 2576 1221 2611 Ecclesiam
1241 2579 1327 2612 libe-

340 2650 478 2675 raturus
501 2639 545 2673 ab
570 2635 737 2671 omnibus
763 2630 874 2665 malis.

1061 54 1178 92 MEL,
1205 53 1416 91 SCRIPTA
1445 54 1747 92 EXEGETICA.

2270 60 2345 96 988

1355 140 1489 176 tionem
1511 143 1555 177 de
1579 143 1659 180 ficu.
1711 142 1812 178 Sicut
1836 143 1934 178 scitis
1955 143 2074 177 venire
2097 151 2260 179 aestatem
2279 145 2346 180 flo-

1355 200 1512 227 rescente
1536 194 1620 233 ficu,
1656 194 1738 240 quia
1762 195 1847 228 ficus
1869 195 2024 239 primum
2045 194 2162 229 floret:
2196 195 2243 230 ita
2266 208 2346 230 cum

1355 245 1507 278 audietis
1525 242 1590 278 hos
1605 246 1778 279 tumultus
1795 252 1828 279 et
1843 245 2088 287 confusiones,
2113 246 2235 280 scitote
2250 247 2346 292 quod

1357 295 1426 329 cito
1445 295 1563 328 veniet
1582 296 1656 329 dies
1674 296 1956 330 resurrectionis.

1460 346 1494 379 3.
1546 344 1824 380 Promissionem
1842 347 2019 388 continet,
2045 347 2139 391 quod
2151 345 2247 381 Deus
2263 347 2349 381 velit

1358 393 1444 430 haec
1459 395 1550 429 mala
1566 396 1727 440 mitigare
1742 397 2000 439 invocantibus,
2026 397 2115 432 sicut
2126 398 2227 432 dicit:
2253 395 2349 432 Ora-

1359 454 1410 488 te,
1436 453 1476 480 ut
1495 447 1636 491 possitis
1654 447 1817 491 effugere,
1873 447 1976 483 Item:
2005 445 2142 482 Omnes
2158 448 2276 492 capilli
2292 460 2350 483 ca—

1359 498 1443 543 pitis
1459 498 1565 531 vestri
1583 498 1759 532 numerati
1775 505 1870 534 sunt.
1924 498 1993 533 Sed
2013 506 2104 533 certe
2122 505 2260 544 oportet
2276 510 2350 534 esso

1361 548 1641 593 poenitentiam,
1668 555 1806 593 oportet
1827 549 1906 583 exui
1930 547 2022 583 hanc
2045 561 2194 583 crassam
2219 550 2351 584 securi-

1363 606 1488 640 tatem,
1515 607 1655 644 oportet
1676 599 1816 643 agnosci
1834 600 1923 633 iram
1942 598 2029 642 Dei,
2055 607 2089 635 et
2106 612 2187 634 vera
2206 600 2352 636 invoca-

1363 651 1463 684 tione
1478 650 1666 695 confugere
1683 651 1725 684 ad
1747 649 1952 684 Dominum.

1369 731 1556 770 Videbunt
1575 732 1719 769 Filium
1738 732 1901 769 hominis
1920 735 2113 769 venientem
2131 735 2170 769 in
2186 735 2356 772 nubibus.

1466 801 1564 836 Haec
1581 814 1660 847 pars
1675 804 1717 837 ad
1737 803 2015 837 consolationem
2034 803 2206 847 pertinet,
2231 805 2269 837 in
2286 815 2356 850 qua

1366 853 1436 887 iam
1460 865 1618 897 expresse
1644 854 1790 898 ponitur
1812 854 1985 888 sententia
2001 855 2044 888 de
2061 855 2272 889 liberatione
2288 853 2357 890 Ec-

1367 904 1510 944 clesiae,
1537 916 1599 948 per
1616 917 1719 950 quem
1735 912 1768 938 et
1784 906 1962 950 quomodo
1980 905 2137 938 facienda
2153 906 2209 941 sit.

1469 954 1547 989 Fiet
1563 956 1725 989 liberatio
1740 955 1927 994 Ecclesiae,
1955 962 1989 989 et
2006 956 2064 989 fiet
2078 968 2140 1000 per
2149 954 2357 992 FiliumDei

1368 1017 1491 1039 rursus
1521 1007 1765 1040 ostendentem
1789 1018 1824 1040 se
1848 1006 1966 1049 generi
1994 1004 2169 1048 humano,
2205 1014 2239 1041 et
2262 1008 2358 1042 iudi-

1368 1063 1517 1090 cantem.
1571 1056 1617 1090 Et
1637 1055 1696 1090 hic
1719 1057 1858 1101 colliget
1883 1058 2011 1091 electos
2033 1069 2073 1090 ex
2096 1064 2170 1092 toto
2186 1059 2271 1092 orbe
2286 1065 2359 1093 ter-

1369 1120 1508 1149 rarum,
1535 1108 1756 1142 resuscitabit
1780 1115 1957 1146 mortuos,
1985 1114 2018 1141 et
2035 1109 2176 1142 ornabit
2193 1116 2359 1153 perpetua

1369 1159 1501 1202 gloria,
1529 1159 1620 1198 vita,
1646 1159 1838 1203 sapientia,
1865 1159 2017 1195 iustitia.
2045 1160 2189 1201 electos,
2217 1166 2251 1194 et
2267 1160 2359 1194 abii-

1370 1210 1437 1244 ciet
1455 1209 1583 1253 impios
1599 1209 1635 1241 in
1652 1216 1811 1243 aeternas
1827 1221 1969 1253 poenas·

1477 1259 1584 1293 Hunc
1611 1261 1716 1294 finem
1745 1258 1802 1293 hic
1830 1271 1930 1304 saepe
1953 1260 2139 1305 proponit,
2171 1261 2232 1294 sed
2254 1261 2362 1296 verba

1371 1310 1562 1345 clarissima
1592 1318 1675 1344 sunt
1703 1308 1804 1344 haec:
1841 1309 2024 1345 Videbunt
2046 1310 2180 1345 Filium
2206 1309 2363 1347 hominis

1373 1362 1572 1394 venientem
1591 1361 1627 1393 in
1644 1361 1811 1395 nubibus.
1863 1359 1910 1395 Et
1928 1362 2071 1406 quidem
2087 1369 2225 1406 oportet
2240 1374 2361 1397 omnes

1373 1410 1535 1445 homines
1567 1423 1704 1455 semper
1735 1412 1866 1445 intueri
1899 1409 1993 1445 hunc
2023 1412 2140 1447 finem.
2201 1412 2360 1449 Sciamus

1373 1475 1439 1496 nos
1462 1474 1535 1495 non
1560 1469 1696 1496 tantum
1723 1463 1766 1495 ad
1794 1460 1882 1495 banc
1909 1463 2017 1496 vitam
2042 1463 2226 1497 mortalem
2253 1466 2362 1506 nasci,

1375 1521 1412 1547 ut
1449 1513 1694 1553 comedamus,
1743 1513 1925 1552 bibamus,
1969 1525 2178 1558 quaeramus
2214 1527 2297 1560 opes
2331 1524 2365 1551 et

1375 1564 1588 1608 voluptates,
1614 1565 1673 1596 sed
1696 1571 1825 1596 restare
1848 1564 2018 1597 iudicium
2038 1572 2113 1608 post
2134 1562 2224 1599 hanc
2243 1566 2362 1609 vitam,

1376 1616 1412 1648 in
1438 1627 1508 1660 quo
1526 1613 1622 1647 Deus
1645 1614 1865 1648 severissime
1888 1615 2077 1658 puniturus
2097 1623 2148 1650 est
2165 1616 2292 1661 impios
2307 1631 2364 1653 ae-

1376 1666 1486 1698 ternis
1512 1666 1654 1708 poenis,
1681 1672 1715 1699 et
1738 1665 1816 1698 aliis
1841 1666 1986 1699 daturus
2009 1673 2060 1700 est
2083 1674 2260 1701 aeternam
2286 1669 2365 1717 glo-

1376 1715 1485 1753 riam,
1521 1715 1581 1760 qui
1603 1722 1749 1762 egerunt
1772 1715 2048 1760 poeniteutiam,
2081 1724 2114 1751 et
2139 1719 2367 1756 crediderunt

1377 1767 1414 1800 in
1436 1765 1580 1800 Filium.

1479 1815 1575 1850 llaec
1597 1816 1758 1850 doctrina
1783 1814 1995 1852 catechismi
2020 1824 2052 1851 et
2068 1816 2249 1864 Symboli,
2275 1832 2366 1857 sem-

1378 1880 1440 1913 per
1471 1868 1515 1902 sit
1541 1867 1577 1900 in
1602 1874 1811 1912 conspectu,
1845 1875 1877 1902 et
1903 1869 2074 1912 cogitetur
2098 1871 2208 1912 serio,
2237 1879 2275 1907 ut
2301 1885 2365 1909 nos

1377 1920 1494 1953 flectat
1510 1919 1551 1952 ad
1568 1919 1729 1952 timorem
1741 1917 1817 1958 Dei,
1844 1920 1885 1952 ad
1904 1919 2168 1964 poenitentiam,
2195 1923 2238 1956 ad
2251 1923 2367 1959 fidem.

1380 1971 1462 2004 ldeo
1486 1977 1519 2003 et
1544 1967 1601 2002 hic
1627 1970 1811 2008 recitetur,
1840 1982 1911 2003 non
1935 1977 1971 2004 ut
1996 1970 2040 2004 sit
2067 1970 2183 2005 inanis
2207 1975 2364 2010 narratio

1378 2022 1420 2055 de
1445 2021 1549 2054 rebus
1574 2021 1721 2061 futuris,
1755 2022 1812 2054 sed
1841 2028 1877 2054 ut
1903 2033 1966 2054 nos
1991 2028 2148 2062 moneat,
2183 2035 2227 2057 ne
2251 2027 2365 2060 securi

1379 2079 1645 2106 contemnamus
1663 2072 1820 2105 futurum
1841 2072 2011 2105 iudicium
2025 2098 2034 2113 ‚
2063 2073 2152 2108 sicut
2167 2075 2268 2110 multi
2281 2075 2367 2122 Epi-

1378 2123 1474 2157 curei
1500 2130 1531 2156 et
1550 2123 1692 2169 tyranni
1717 2129 1749 2156 et
1772 2122 1831 2156 alii
1861 2130 2113 2165 contemnunt,
2139 2126 2198 2159 sed
2226 2134 2264 2162 ut
2287 2140 2367 2164 vere

1379 2185 1666 2219 expavescamus.
1701 2185 1843 2217 agamus
1868 2175 2144 2219 poenitentiam,
2173 2177 2240 2211 fide
2261 2191 2368 2225 quae-

1382 2237 1499 2259 ramus
1523 2225 1821 2266 consolationem,
1848 2232 1881 2259 et
1903 2232 2140 2269 exspectemus
2166 2227 2262 2263 illam
2284 2243 2366 2276 pro-

1381 2277 1521 2310 missam
1540 2289 1558 2309 a
1579 2275 1652 2310 Deo
1669 2276 1912 2310 liberationem
1931 2277 2130 2320 gloriosam.

1484 2326 1626 2361 Diaboli
1660 2328 1776 2362 sciunt
1802 2325 1867 2361 hoe
1900 2327 2068 2361 iudicium
2103 2329 2259 2364 futurum
2283 2343 2367 2375 esse,

1381 2384 1412 2411 ct
1444 2379 1734 2418 contremiscunt,
1768 2387 1799 2413 et
1830 2379 1974 2412 mallent
2006 2379 2115 2422 redigi
2141 2380 2176 2414 in
2201 2379 2366 2425 nihilum,

1381 2429 1409 2462 si
1427 2430 1498 2463 fieri
1519 2437 1650 2474 posset:
1680 2431 1737 2463 sed
1756 2429 1804 2463 sic
1823 2429 1964 2463 condita
1983 2437 2030 2464 est
2049 2431 2244 2475 spiritualis
2262 2441 2366 2469 natu—

1382 2493 1437 2518 ra.
1473 2489 1509 2515 ut
1542 2493 1613 2513 non
1647 2481 1844 2523 frangatur,
1878 2481 1966 2514 sicut
1995 2493 2173 2526 corporea.
2239 2482 2366 2519 Nullus

1383 2530 1489 2565 homo
1515 2532 1549 2564 iu
1573 2530 1636 2565 liae
1658 2532 1832 2575 corporali
1859 2538 1981 2565 natura
2000 2544 2094 2567 nunc
2113 2540 2193 2568 ante
2210 2546 2369 2570 resurre-

1382 2583 1534 2615 ctionem
1568 2589 1681 2626 posset
1712 2584 1844 2625 vivere,
1879 2583 1907 2616 si
1935 2583 1995 2617 tali
2020 2591 2112 2618 metu
2137 2585 2362 2622 cruciaretur.

934 2629 1016 2663 ldeo
1041 2628 1097 2664 liic
1124 2629 1204 2664 facit
1231 2643 1327 2663 meu-
1353 2628 1358 2669 l
1384 2633 1472 2668 sicut
1492 2633 1671 2669 Diabolus.
