2409 2915
170 104 192 137 9
597 98 651 146 X.x
692 95 995 131 EXPLlCATIO
1024 95 1432 135 PROVERBIORUM
1459 99 1759 139 SALOMONIS.
2136 109 2180 141 10

171 187 295 223 cundis
317 185 507 230 impiorum
529 193 749 223 moveamur,
775 188 814 215 ut
837 182 1006 216 faciamus
1027 189 1147 217 contra

170 238 302 277 Deum,
333 243 366 270 et
381 234 476 268 addit
491 232 799 266 comminationem
816 233 858 266 de
874 245 998 277 poena.
1053 233 1148 268 Inter

171 299 300 333 poenas
328 292 440 319 autem
469 282 665 317 tristissima
690 290 755 317 est:
792 282 896 316 Tunc
921 283 1147 325 invocabunt,

171 346 204 373 et
227 350 298 372 non
321 333 514 368 exaudiam.
567 331 649 367 Non
673 331 741 367 hoc
762 334 856 373 vult,
883 346 957 367 non
980 347 1078 378 posse
1095 335 1146 368 la-

171 399 249 434 psos
264 385 378 418 redire
393 385 435 417 ad
453 383 717 428 poenitentiam,
744 391 803 417 aut
820 385 1071 429 poenitentiam
1090 386 1146 418 in-

170 437 288 472 utilem
313 446 393 469 esse.
448 433 523 467 Imo
545 441 645 467 vocat
668 446 733 467 nos
751 435 793 467 ad
812 436 1086 479 poenitentiam,
1113 442 1146 469 et

167 482 340 532 promittit
355 485 606 528 mitigationem
624 485 857 528 praesentium
873 498 1087 529 poenarum,
1114 492 1146 519 et

166 535 408 570 remissionem
427 547 560 580 poenae
577 542 746 577 aeternae,
772 543 811 569 ut
826 536 1086 570 diciturEsaiae
1099 537 1144 569 1.:

166 586 204 621 Si
234 592 371 630 peccata
397 593 509 620 vestra
536 586 669 620 fuerint
694 587 783 620 sicut
807 587 1005 625 coccinum,
1049 587 1144 620 eritis

167 637 309 671 candidi
326 637 415 671 sicut
432 637 502 673 nix.
538 635 601 670 Est
615 643 728 670 autem
746 637 829 670 dicti
847 638 1036 678 sententia,
1064 644 1144 671 ante

165 699 313 732 poenam
331 688 488 721 exaudiri
504 695 644 730 agentes
661 688 925 732 poenitentiam.
978 688 1046 722 Sed
1064 700 1142 721 cum

165 739 261 772 venit
277 750 401 782 poena,
430 746 462 773 et
478 738 546 771 iam
565 739 672 773 adest.
725 737 763 772 Si
781 745 829 771 est
846 739 1050 782 corporalis,
1077 738 1143 770 mi-

163 789 292 833 tigatur
311 790 427 833 agenti
450 788 721 834 poenitentiam:
748 789 775 822 si
793 796 844 823 est
859 797 1017 830 aeterna,
1043 789 1142 822 nulla

163 846 214 873 est
237 840 432 880 exauditio,
465 846 504 873 ut
528 839 566 872 in
590 839 736 873 interitu
760 839 844 873 Saul
872 848 903 874 et
928 839 1045 873 Iudae.
1101 838 1143 872 In

163 890 231 922 fine
257 897 307 924 est
330 888 528 925 antithesis:
557 888 718 924 Audiens
738 891 792 923 vel
812 891 979 924 obediens
998 889 1144 935 quiescit

162 951 291 976 secure.

537 1056 674 1109 Caput
723 1057 777 1097 11.

263 1138 395 1174 Totum
429 1139 622 1171 secundum
652 1144 757 1182 caput
787 1145 837 1172 est
865 1135 1065 1173 adhortatio
1098 1141 1141 1173 ad

162 1189 374 1223 audiendam
397 1195 429 1221 et
453 1189 654 1221 discendam
676 1185 768 1221 hanc
790 1189 1008 1230 doctrinam,
1036 1202 1142 1235 quam

160 1240 259 1272 Deus
284 1236 461 1271 Ecclesiae
487 1238 650 1276 tradidit,
685 1245 718 1271 et
743 1239 785 1271 ad
812 1236 903 1272 hanc
927 1251 991 1272 nos
1013 1240 1143 1284 alligat,

159 1301 198 1323 ac
220 1288 389 1332 praecipit
411 1289 532 1334 fugere
553 1289 658 1321 aliam
675 1288 902 1333 sapientiam,
929 1298 1140 1333 pugnantem

159 1350 239 1373 cum
261 1336 325 1372 hac
348 1339 519 1373 doctrina.
580 1338 746 1382 Figurate
771 1340 867 1373 enim
892 1342 1037 1374 nomine
1059 1354 1141 1375 mu-

164 1387 266 1423 Iieris
284 1385 476 1423 adulterae
492 1389 658 1433 intelligit
673 1390 878 1435 sapientiam
889 1418 898 1431 ,
925 1404 1014 1436 quae
1030 1404 1048 1425 a
1064 1391 1140 1427 Deo

158 1447 292 1474 mentes
314 1441 470 1476 abducit.
522 1440 740 1474 Nominatim
765 1442 858 1475 enim
881 1441 1016 1487 inquit,
1043 1443 1140 1477 illam

158 1491 342 1525 mulierem
364 1492 610 1535 vagabundam
635 1491 836 1537 relinquere
852 1494 1077 1536 magistrum,
1104 1494 1140 1527 id

157 1548 205 1576 est
225 1542 405 1576 doctorem
427 1540 540 1576 Deum
553 1569 562 1583 ‚
590 1542 646 1576 cui
665 1543 871 1587 desponsata
891 1544 1014 1578 fuerat.
1067 1544 1140 1578 Ta-

157 1592 200 1625 lis
225 1592 319 1625 enim
344 1604 443 1626 mens
469 1599 520 1628 est
544 1593 638 1627 velut
656 1594 834 1635 adultera,
862 1607 950 1639 quae
968 1595 1089 1630 relicto
1107 1602 1140 1629 et

157 1649 273 1686 spreto
298 1655 382 1676 vero
406 1644 591 1687 magistro,
619 1643 676 1677 cui
693 1644 807 1678 fuerat
825 1645 1052 1689 desponsata,
1079 1658 1139 1679 va-

157 1700 259 1735 gatur
296 1693 590 1734 petulantissime,
628 1693 720 1727 ludit
749 1694 867 1737 impiis
898 1696 1140 1739 opinionibus,

155 1748 195 1774 ut
225 1741 402 1773 laetantur
430 1751 490 1773 sua
517 1743 661 1773 audacia
683 1742 868 1782 Epicurei,
904 1745 1080 1774 laetantur
1106 1749 1138 1775 et

156 1791 327 1824 idolatrae
357 1789 430 1822 suis
461 1789 635 1830 cultibus,
671 1789 752 1834 quia
781 1797 906 1834 putant
935 1802 970 1824 se
995 1798 1139 1835 propter

157 1853 214 1874 eos
251 1838 380 1873 habere
415 1850 561 1882 magnos
589 1850 783 1878 successus,
825 1847 858 1874 et
886 1841 1004 1874 omnia
1034 1843 1138 1878 bona.

156 1891 267 1926 Addit
287 1897 403 1924 autem
423 1890 460 1923 in
480 1888 547 1924 hoe
570 1890 682 1934 capite
707 1890 958 1934 promissiones
983 1898 1016 1925 et
1039 1904 1136 1925 com-

157 1941 388 1982 minationes,
423 1941 516 1974 iuxta
541 1941 690 1975 dictum:
719 1939 877 1974 Primum
900 1942 1058 1986 quaerite
1080 1955 1136 1976 re-

157 2004 266 2036 gnum
284 1990 366 2033 Dei,
393 1998 426 2024 et
449 1992 568 2025 omnia
586 1991 797 2026 adiicientur
815 1992 916 2026 vobis
931 2000 994 2027 etc.
1049 1992 1136 2026 Item

157 2043 316 2077 Psalmus
334 2044 381 2077 1.:
416 2040 545 2076 Beatus
570 2042 625 2075 vir
648 2050 711 2078 etc.
772 2041 898 2077 Monet
920 2043 1023 2076 etiam
1048 2056 1138 2089 quo-

157 2094 262 2128 modo
293 2093 459 2138 proficere
489 2092 679 2137 possimus,
713 2092 898 2137 coniungit
927 2094 1020 2126 enim
1051 2096 1137 2128 duas

157 2155 294 2183 causas,
321 2143 491 2177 auxilium
505 2142 593 2183 Dei,
620 2151 652 2178 et
669 2151 828 2178 nostrum
845 2145 1021 2185 studium,
1049 2145 1138 2178 sicut

156 2195 241 2229 alibi
265 2194 411 2228 dicitur:
440 2193 583 2236 Quanto
609 2195 717 2238 magis
741 2195 841 2228 dabit
857 2194 1028 2239 Spiritum
1056 2207 1137 2228 san-

157 2252 250 2279 ctum
274 2244 483 2288 petentibus.
538 2244 641 2278 Item:
668 2244 781 2278 Petite
806 2252 839 2279 et
861 2246 1005 2279 dabitur
1026 2246 1136 2282 vobis.

158 2295 326 2339 Quaerite
342 2302 375 2328 et
391 2294 579 2328 invenietis
592 2301 655 2330 etc.
708 2293 754 2328 Et
772 2295 808 2328 in
828 2296 920 2329 libro
935 2295 1137 2340 Sapientiae

158 2347 268 2390 capite
291 2345 342 2379 6.:
377 2344 556 2389 Sapientia
589 2345 689 2378 facile
719 2345 901 2380 invenitur
929 2347 972 2380 ab
999 2346 1054 2380 his
1077 2348 1137 2392 qui

158 2397 312 2440 diligunt
341 2407 438 2436 eam,
477 2402 510 2430 et
541 2395 728 2430 antevertit
759 2407 837 2437 eos,
880 2397 941 2441 qui
973 2405 1138 2441 expetunt

157 2459 245 2482 eam.
305 2445 402 2481 Haec
433 2446 525 2480 dicta
557 2446 770 2491 promittunt
801 2447 970 2481 auxilium
1001 2448 1138 2482 discen-

157 2499 263 2533 tibus.

1566 187 1700 241 Caput
1743 189 1817 229 111.

1302 264 1408 299 Initio
1432 267 1526 300 tertii
1547 270 1668 312 capitis
1685 271 1849 315 repetitae
1864 277 1944 304 sunt
1960 268 2177 305 adhortatio-

1199 326 1281 359 nes,
1315 322 1348 349 et
1377 317 1561 360 promissio
1593 319 1722 353 inserta
1756 328 1820 355 est:
1854 318 2122 355 Misericordia
2146 326 2175 355 et

1201 365 1332 399 ceritas
1355 378 1427 399 non
1447 364 1604 401 deserent
1623 373 1671 409 te,
1698 371 1827 405 scilicet
1843 373 2081 406 misericordia
2100 372 2176 406 Dei.

1199 415 1332 450 Usitata
1359 415 1495 461 phrasis
1521 426 1570 452 est
1592 420 1635 452 de
1660 420 1734 453 Deo
1759 428 1792 455 et
1817 419 2035 457 hominibus:
2081 423 2178 456 Fecit

1198 467 1474 501 misericordiam
1491 476 1524 502 et
1542 470 1742 509 veritatem,
1768 472 1804 504 id
1820 479 1887 513 est,
1914 474 2176 507 beneficentiam

1198 523 1231 550 et
1246 518 1448 551 fidelitatem
1465 521 1647 562 praestitit.
1703 520 1768 561 Ut,
1797 521 1960 556 Ionathas
1978 524 2056 556 fecit
2072 525 2177 558 mise—

1199 569 1354 601 cordiam
1387 575 1419 601 et
1449 570 1628 603 veritatem
1652 570 1802 613 Davidi‚
1837 574 1872 606 id
1903 580 1968 613 est,
2000 573 2067 606 suit
2098 586 2175 617 erga

1198 630 1276 651 eum
1296 619 1470 652 beneficus
1488 627 1520 654 et
1537 621 1666 662 fidelis,
1692 622 1727 654 id
1745 629 1813 666 est,
1837 630 2037 657 constanter
2053 631 2084 657 et
2102 625 2176 657 sine

1198 669 1423 703 simulatione
1446 683 1524 703 eum
1547 672 1688 712 dilexit,
1714 680 1747 706 et
1765 673 1794 706 ei
1811 674 1994 709 benefecit.
2048 673 2098 707 lta
2118 672 2176 708 hic

1197 719 1344 753 dicitur:
1371 719 1467 754 Deus
1488 722 1681 756 benefaciet
1701 723 1786 764 tibi,
1814 731 1846 757 et
1863 725 2033 762 fideliter,
2061 725 2096 757 id
2116 731 2176 762 est,

1197 781 1333 814 semper
1356 777 1388 804 te
1403 779 1576 815 proteget,
1603 773 1697 806 iuxta
1710 774 1857 807 dictum:
1887 774 2177 809 TimentiDomi-

1197 833 1282 854 num
1299 833 1371 855 non
1390 823 1500 856 deerit
1517 823 1629 857 ullum
1648 824 1794 860 bonurn.

1532 932 1839 978 Praecepta.

1248 1001 1399 1050 Confide
1415 1004 1584 1040 Domino
1598 1006 1636 1040 in
1654 1011 1728 1041 loto
1745 1006 1846 1042 corde
1863 1013 1934 1043 1110.

1298 1073 1506 1118 Sequuntur
1519 1075 1585 1109 tria
1601 1084 1792 1121 praecepta.
1843 1076 2001 1110 Primum
2017 1078 2060 1111 de
2075 1079 2175 1121 agni-

1196 1123 1290 1158 tione
1307 1122 1391 1163 Dei,
1421 1126 1463 1158 de
1486 1124 1578 1168 fide,
1603 1133 1637 1160 et
1659 1128 1702 1160 de
1725 1129 1861 1161 timore.
1915 1127 2115 1162 Secundum
2132 1130 2175 1162 de

1196 1175 1460 1209 conservatione
1482 1177 1667 1211 ministerii
1693 1179 1883 1214 doctrinae.
1944 1177 2106 1212 Tertium
2132 1180 2175 1212 de

1196 1237 1309 1259 cruce.
1362 1226 1590 1270 Amplissima
1609 1235 1657 1261 est
1675 1229 1832 1262 doctrina
1852 1230 1889 1262 in
1907 1229 2054 1273 singulis
2074 1241 2175 1273 prae-

1195 1276 1314 1319 ceptis.
1366 1275 1524 1310 Primum
1549 1279 1718 1323 praecipit
1743 1281 1785 1312 de
1812 1280 1898 1320 fide,
1925 1287 1957 1314 et
1980 1281 2098 1314 addita
2124 1287 2175 1314 est

1195 1324 1387 1362 antithesis,
1455 1327 1507 1360 Ne
1531 1329 1694 1363 innitaris
1717 1331 1926 1374 prudentiae
1949 1337 2046 1371 tuae,
2077 1331 2173 1375 quod

1194 1377 1411 1421 intelligatur
1428 1379 1469 1411 de
1485 1379 1596 1412 tribus
1613 1381 1819 1423 generibus,
1847 1382 1889 1414 de
1904 1381 2081 1424 agnitione
2098 1379 2174 1421 Dei,

1195 1429 1237 1461 de
1268 1429 1444 1470 moribus,
1480 1436 1512 1463 et
1542 1431 1584 1463 de
1616 1431 1771 1464 consiliis
1798 1431 1834 1464 in
1860 1432 1994 1465 delectu
2017 1431 2171 1466 utilium.

1194 1477 1252 1513 Sic
1269 1490 1433 1522 agnoscas
1451 1479 1584 1522 Deum,
1612 1483 1699 1515 sicut
1717 1493 1751 1514 se
1768 1482 1804 1514 in
1824 1480 1887 1516 liae
1902 1482 2058 1516 doctrina
2077 1488 2172 1525 pate-

1193 1530 1292 1571 fecit,
1319 1531 1403 1564 nolo
1426 1538 1458 1565 te
1482 1532 1599 1574 vagari
1624 1539 1663 1566 ut
1686 1530 1875 1574 Ethnicos‚
1901 1540 1933 1567 et
1956 1532 2171 1567 comminisci

1194 1581 1291 1613 varia·
1312 1582 1476 1622 numina,
1501 1582 1634 1624 cultus,
1661 1584 1845 1627 opiniones
1861 1585 1903 1617 de
1921 1582 2015 1625 Deo,
2042 1584 2122 1617 volo
2140 1590 2173 1617 te

1193 1631 1230 1663 in
1254 1632 1412 1665 moribus
1429 1633 1540 1666 facere
1556 1645 1644 1678 quae
1662 1642 1842 1678 praecepta
1857 1641 1958 1674 sunt,
1983 1646 2053 1667 non
2074 1633 2170 1677 sequi

1193 1688 1269 1714 tuas
1288 1682 1574 1720 imaginationes,
1603 1684 1913 1715 utLacedaemonii
1934 1684 2173 1716 concedebant

1192 1727 1320 1771 pacisci
1344 1739 1423 1760 cum
1447 1728 1524 1761 viro
1547 1730 1590 1761 de
1613 1741 1732 1765 uxore.
1784 1730 1878 1774 Papa
1903 1730 2067 1775 prohibet
2086 1744 2172 1765 con-

1192 1777 1337 1820 iugium.
1388 1776 1482 1811 Volo
1508 1785 1541 1812 te
1564 1779 1601 1811 in
1625 1780 1761 1814 delectu
1783 1792 1899 1814 rerum
1915 1782 2054 1816 utilium
2074 1784 2171 1828 sequi

1191 1839 1266 1860 mea
1283 1834 1481 1871 praecepta,
1507 1829 1618 1863 facere
1633 1831 1843 1872 necessaria,
1869 1843 1940 1864 non
1958 1835 2171 1881 πολυπραγ-

1190 1874 1356 1922 μοσύνῃ,
1384 1890 1456 1911 non
1479 1890 1538 1922 spe
1561 1880 1616 1912 vel
1642 1887 1735 1914 metu
1760 1888 1895 1915 tentare
1917 1882 2050 1928 aliquid
2075 1892 2168 1918 extra

1192 1929 1423 1963 vocationem.
1477 1929 1532 1963 Sis
1557 1942 1692 1963 memor
1717 1932 1800 1965 dicti
1832 1933 1868 1965 in
1892 1931 2091 1969 Ezechiele:
2128 1936 2168 1970 ln

1190 1980 1382 2024 praeceptis
1402 1980 1486 2013 meis
1505 1981 1691 2017 ambulate.

1239 2070 1395 2104 Honora
1411 2068 1532 2105 Deum
1550 2069 1591 2106 de
1603 2071 1857 2121 facultalibus
1872 2075 1945 2108 tuis
1962 2081 2023 2112 elc.

1292 2137 1467 2182 Praecipit
1487 2145 1526 2172 ut
1548 2140 1676 2183 singuli
1700 2153 1763 2185 pro
1787 2142 1858 2175 suis
1875 2143 2097 2179 facultatibus
2115 2146 2168 2179 iu-

1190 2196 1273 2223 vent
1298 2190 1597 2223 conservationem
1621 2191 1804 2226 ministerii
1828 2193 2008 2228 doctrinae
2026 2195 2062 2228 in
2081 2203 2167 2229 tem-

1191 2240 1259 2283 plis
1282 2245 1316 2273 et
1332 2237 1478 2281 scholis,
1504 2248 1538 2274 et
1554 2242 1672 2276 addita
1690 2250 1739 2276 est
1756 2243 1956 2277 dulcissima
1973 2247 2167 2289 promissio,

1191 2290 1280 2324 sicut
1304 2296 1338 2324 et
1354 2288 1481 2324 Matth.
1502 2291 1556 2327 10.
1582 2293 1749 2336 scriptum
1767 2301 1832 2327 est:
1861 2294 1933 2337 Qui
1952 2297 2084 2331 dederit
2102 2310 2166 2341 po-

1191 2347 1265 2374 tum
1292 2352 1402 2386 aquae
1425 2342 1487 2374 uni
1513 2354 1552 2375 ex
1576 2343 1733 2376 minimis
1757 2356 1914 2378 meorum
1937 2355 2079 2392 propter
2104 2349 2167 2380 do-

1190 2391 1337 2425 ctrinam
1347 2418 1355 2432 ,
1382 2389 1526 2426 habebit
1541 2395 1746 2427 mercedem.

1241 2480 1535 2530 Castigationem
1552 2483 1629 2520 Dei
1650 2498 1692 2520 ne
1714 2489 1906 2527 averseris,
1935 2493 1966 2522 et
1987 2501 2058 2522 non
2080 2489 2167 2523 abo-

1292 2534 1442 2568 mineris·
1459 2537 1726 2584 correptionem,

1266 2601 1334 2636 Hic
1349 2609 1420 2637 tota
1435 2604 1594 2638 doctrina
1608 2607 1651 2638 de
1661 2617 1760 2638 cruce
1770 2604 2097 2650 comprehendenda
2109 2615 2169 2648 est,

1192 2660 1225 2687 et
1241 2653 1532 2688 considerandum
1548 2656 1732 2688 discrimen
1749 2654 1997 2702 Philosophiae
2014 2665 2043 2691 et
2054 2657 2171 2691 Evan-
