2409 2915
52 0 71 98 l

53 104 69 157 ¹f
99 105 174 143 509

50 210 51 215 =
66 173 68 193 Ἰ
100 191 145 224 de
168 190 279 225 salute
297 196 460 233 aeterna,
486 190 529 223 de
543 187 646 222 donis
664 186 819 231 Spiritus
835 188 944 222 sancti
962 188 998 221 in
1016 188 1083 223 Ec-

48 243 54 277 Ι
101 240 216 276 clesia.
267 240 312 274 Et
335 238 391 274 his
413 238 701 276 meditationibus
725 238 956 273 accendamus
980 240 1082 273 fidem

48 289 67 339 tl
99 296 133 326 εἰ
147 291 309 326 timorem
326 289 404 326 Dei.

63 331 66 435 1
545 389 627 426 1111.

61 448 64 494 l
200 457 311 491 Addit
333 455 433 499 signo
449 455 603 502 Spiritus
623 454 755 497 sancti,
782 454 912 489 scilicet
930 453 1082 500 prophe-

61 502 63 537 Ὺ
100 509 184 550 tiae,
211 508 278 541 alia
294 506 402 551 signa.

53 603 62 629 Ι
147 573 257 609 Senes
289 573 396 609 vestri
421 571 567 607 somnia
590 570 847 612 somniabunt,
882 577 912 607 et
939 572 1081 607 iuvenes

19 623 23 625 “
60 621 62 650 Ι
197 623 306 658 vestri
322 623 476 658 visiones
496 620 676 659 videbunt,

50 707 54 727 ι
196 690 280 726 Dixi
303 689 524 736 prophetiam
548 689 734 735 praecipue
757 689 953 733 significare
976 689 1080 723 intel-

94 744 223 777 lectum
252 748 287 776 et
317 741 577 775 enarrationem
607 752 724 773 veram
758 741 856 774 verbi
880 740 966 779 Dei,
998 740 1077 785 quia

95 794 243 828 verbum
260 791 326 826 Dei
350 792 507 826 continet
530 791 737 836 sapientiam
756 791 799 824 de
816 791 996 824 voluntate
1015 788 1079 823 Dei

95 855 175 887 erga
195 855 281 887 nos,
307 854 450 887 prorsus
469 842 616 886 positam
634 848 727 875 extra
745 848 886 886 captum
906 839 1079 874 humanae

95 894 254 932 rationis.
307 893 384 927 Hoc
409 894 544 926 donum
570 892 804 926 necessarium
827 899 878 926 est
892 889 1078 929 Ecclesiae,

95 946 138 979 de
161 957 231 990 quo
256 944 386 978 Paulus
414 945 443 978 1.
458 941 620 979 Corinth.
637 944 669 978 4.
696 943 805 977 multa
830 942 1008 988 loquitur:
1034 939 1079 975 Et

93 1058 198 1091 gens,
224 1045 293 1078 alio
321 1052 475 1089 tempore
502 1046 618 1087 plures
643 1045 680 1076 in
698 1043 871 1084 Ecclesia,
898 1043 967 1076 alio
990 1051 1078 1076 tem-

92 1108 177 1142 pore
211 1096 390 1140 pauciores
419 1101 501 1128 sunt
532 1092 600 1127 hoc
632 1094 783 1139 praediti
813 1094 919 1127 dono.

92 1154 247 1191 tempore
267 1145 441 1180 Samuelis
458 1145 575 1188 plures
590 1151 689 1178 erant
706 1144 743 1177 in
761 1143 869 1178 lsrael
888 1150 978 1177 recte
997 1155 1076 1175 sen-

93 1198 238 1240 tientes,
267 1208 371 1241 quam
397 1203 554 1239 tempore
576 1193 655 1236 Eli,
684 1207 762 1228 cum
788 1201 894 1234 esset,
917 1194 969 1228 uti
993 1193 1078 1226 dicit

92 1254 224 1288 textus,
251 1258 364 1279 sermo
388 1245 535 1279 Domini
557 1257 668 1281 rarus.
722 1243 899 1288 Tempore
922 1242 1076 1286 Aposto-

92 1299 209 1332 lorum
240 1297 357 1341 plures
390 1302 489 1329 erant
525 1302 616 1329 recte
647 1294 883 1335 intelligentes
911 1292 1074 1336 Evange-

91 1349 197 1391 lium,
232 1358 337 1392 quam
367 1351 487 1390 postea
520 1344 585 1377 sub
610 1343 764 1387 papatu,
797 1341 932 1375 etiamsi
963 1342 1076 1385 pluri-

88 1409 186 1432 mum
211 1396 317 1430 fuerit
342 1395 582 1434 sacerdotum,
611 1390 891 1431 Monachorum‚
917 1389 1074 1425 Theolo-

89 1459 224 1492 gorum-

0 1524 14 1540 ,»
90 1499 177 1534 tavit
201 1495 292 1530 hanc
317 1498 451 1536 lucem,
486 1501 519 1529 et
541 1495 697 1528 orandus
721 1501 791 1534 cst,
817 1500 856 1527 ut
881 1499 1073 1533 conservet,

0 1551 23 1591 pi·
90 1556 122 1584 et
147 1560 212 1582 nos
233 1547 402 1580 monendi
426 1557 563 1586 sumus,
590 1556 634 1578 ne
652 1545 719 1590 ipsi
738 1556 813 1577 eam
831 1543 1074 1587 extinguamus

89 1611 179 1634 nova
210 1595 399 1642 sophistica
428 1603 461 1630 et
491 1594 644 1629 humana
669 1594 859 1639 sapientia,
893 1601 926 1628 et
949 1593 1073 1628 fiamus

89 1647 280 1696 prophetae
303 1648 407 1687 tales,
434 1646 548 1690 qualis
570 1652 643 1679 erat
658 1645 763 1685 Saul,
792 1646 835 1678 de
853 1657 922 1689 quo
939 1645 1071 1678 dictum

90 1708 155 1735 est:
182 1698 354 1744 Nunquid
375 1704 408 1731 et
426 1696 511 1731 Saul
530 1696 622 1729 inter
638 1693 857 1739 Prophetas?
910 1694 959 1728 lta
979 1706 1073 1727 nunc

89 1753 132 1786 de
149 1750 270 1784 multis
282 1776 289 1790 ‚
318 1749 378 1794 qui
396 1759 485 1780 nova
502 1744 689 1790 sophistica
707 1751 938 1789 corrumpunt
952 1743 1072 1778 Evan-

89 1802 238 1846 gelium,
271 1805 444 1845 quaerunt
470 1797 736 1831 conciliationes
759 1797 961 1839 dogmatum
988 1808 1073 1829 con—

89 1857 251 1897 gruentes
265 1852 307 1884 ad
326 1848 532 1893 sapientiam
550 1845 758 1885 humanam,
787 1847 983 1889 ambiguas,
1010 1846 1073 1878 sse-

87 1903 212 1938 xibiles
237 1908 270 1935 et
292 1901 441 1940 fucatas,
469 1899 538 1932 dici
563 1905 691 1943 potest:
720 1896 891 1943 Nunquid
911 1894 997 1931 ethi
1017 1896 1072 1929 in-

84 1961 138 1989 ter
157 1950 373 1997 Prophetas?

190 2002 343 2046 Quando
359 2008 498 2046 pectora
515 2007 598 2035 sunt
614 1999 728 2034 ociosa
746 2004 805 2031 aut
822 2004 988 2041 occupata
1005 1994 1072 2030 hu-

89 2053 204 2087 manis
235 2052 506 2097 cupiditatibus,
541 2051 718 2095 incipiunt
742 2049 899 2082 fastidire
924 2048 1070 2080 verbum

88 2104 178 2144 Dei,
206 2110 343 2147 postea,
371 2109 435 2136 unt
459 2109 629 2147 quaerant
651 2112 770 2145 pacem
796 2105 829 2132 et
853 2099 987 2136 ocium,
1014 2110 1071 2130 ac-

89 2154 313 2188 commodant
343 2164 378 2185 se
402 2152 541 2185 iudiciis
563 2152 774 2196 impiorum,
809 2156 841 2182 et
867 2149 988 2182 sinunt
1009 2149 1070 2181 de-

89 2204 226 2249 pravari
250 2214 367 2236 veram
391 2202 599 2237 doctrinam.
652 2201 702 2235 lta
727 2200 817 2233 redit
838 2199 1002 2232 diabolus
1026 2199 1067 2230 ad

0 2268 24 2289 τι·
88 2257 232 2290 domum
259 2260 451 2299 purgatam.
506 2251 600 2285 Haec
621 2263 744 2294 magna
771 2251 860 2282 mala
880 2250 1070 2293 prudenter

10 2316 19 2337 s
89 2307 241 2340 cavenda
264 2311 363 2345 sunt,
390 2304 449 2336 sed
475 2303 627 2336 mundus
653 2300 781 2334 insanit
805 2300 876 2333 suis
893 2299 1067 2343 cupidita-
1092 2316 1094 2347 L

90 2358 202 2398 tibus,
234 2363 266 2390 et
290 2354 374 2389 haec
399 2361 534 2398 peccata
559 2365 629 2385 non
654 2350 829 2393 iutelligit.
883 2348 964 2382 Ideo
986 2349 1068 2393 Spi-

89 2409 176 2442 ritus
200 2414 339 2441 sanctus
364 2417 427 2438 nos
449 2405 614 2437 admonet
640 2410 671 2436 et
698 2401 810 2443 arguit
830 2412 890 2445 per
906 2398 1068 2442 Evange-

90 2517 122 2544 et
137 2519 338 2547 caveamus,
367 2505 412 2540 Et
429 2513 564 2540 tantum
584 2505 625 2537 (le
646 2501 838 2547 prophe-tia.

188 2559 298 2592 Addit
329 2564 443 2590 autem
479 2555 552 2589 lo‘el
583 2555 650 2587 alia
687 2553 883 2587 testimonia
914 2549 1067 2594 Spiritus

11 2628 23 2649 ι,
92 2612 213 2644 sancti:
241 2609 348 2643 Senes
367 2607 500 2641 somnia
521 2604 718 2644 habebunt,
745 2611 777 2637 et
797 2604 939 2636 iuvenes
957 2599 1065 2634 habe-

11 2680 23 2705 ρ,
91 2661 178 2695 bunt
200 2660 359 2694 visiones.
419 2657 483 2690 His
510 2656 624 2689 verbis
649 2668 719 2689 nou
744 2661 878 2688 tantum
903 2652 1064 2686 vaticinia

647 102 729 139 ΧΠ.
766 99 1158 138 ANNOTATIONES
1187 99 1236 135 IN
1260 97 1559 137 EVANGELIA.

93 1007 219 1040 magna
245 995 302 1028 lux
327 1001 394 1034 est,
423 995 459 1027 in
477 994 556 1027 aliis
574 994 702 1037 magis,
728 993 764 1026 in
781 993 859 1026 aliis
875 993 992 1026 minus
1009 992 1078 1025 ful-
1102 1013 1103 1026 l

979 1092 1078 1127 Sicut
1100 1103 1103 1117 ¹

276 1446 380 1480 Nunc
397 1444 492 1479 Deus
515 1445 642 1478 iterum
660 1443 921 1489 aliquantulum
940 1442 1074 1476 exusci·
1097 1457 1100 1468 ·

89 2457 173 2493 lium
185 2484 193 2496 ,
220 2463 391 2491 monstrat
407 2453 468 2488 has
482 2454 644 2491 insidias,
672 2460 702 2486 et
718 2452 811 2484 iubet
828 2458 868 2484 ut
884 2450 1068 2494 vigilemus
1090 2468 1092 2495 ς

2039 107 2118 143 510

1137 185 1180 218 de
1202 183 1308 218 rebus
1332 185 1461 220 futuris
1483 185 1670 228 intelligit,
1703 186 1792 221 sicut
1818 186 1964 232 Ioseph,
1996 188 2124 225 Daniel

1135 235 1279 268 suerunt
1311 241 1418 270 vates.
1470 233 1518 270 Et
1542 235 1674 270 Paulus
1703 234 1829 272 habuit
1859 239 2050 282 visionem,
2083 248 2123 275 ut

1134 285 1219 318 dicit
1252 284 1290 317 in
1323 282 1422 318 Actis
1451 297 1525 329 cap.
1551 286 1609 319 16.
1668 287 1736 320 Sed
1768 289 1976 331 generaliter
2001 292 2121 325 omnia

1132 337 1225 369 dona
1260 335 1522 379 complectitur,
1553 347 1643 380 quae
1665 335 1795 371 Paulus
1823 348 1977 375 recenset
2004 340 2120 376 1.Co-

1131 383 1239 420 rinth.
1261 386 1319 420 12.
1367 384 1452 419 Vult
1475 385 1568 418 enim
1596 386 1632 418 in
1658 397 1783 428 genere
1798 389 1932 429 dicere,
1958 391 2118 424 futurum

1131 447 1223 477 esse,
1250 443 1289 470 ut
1306 435 1460 480 Spiritus
1483 443 1623 470 sanctus
1641 437 1794 471 declaret
1812 449 1846 471 se
1863 440 1984 474 multis
2002 442 2118 481 donis,

1127 483 1335 532 prophetia,
1369 486 1546 520 vaticiniis
1574 498 1692 520 rerum
1719 488 1940 531 suturarum,
1973 491 2117 525 scientia

1129 536 1407 581 gubernationis.

1230 602 1279 639 Ut
1309 601 1368 637 hic
1397 615 1476 637 cum
1499 604 1544 637 de
1566 603 1709 638 senibus
1735 604 1914 650 loquitur,
1950 605 2117 651 intelligit

1128 655 1396 699 gubernatores,
1423 651 1461 687 hi
1484 651 1667 689 habebunt
1692 655 1833 689 divinos
1857 663 1995 698 motns‚
2022 658 2117 691 divi—

1128 705 1224 739 nitus
1256 711 1377 749 regent
1408 704 1570 749 politias,
1602 705 1658 738 vel
1689 717 1816 748 magna
1841 707 1982 749 negocia
2007 708 2117 741 eccle-

1128 755 1284 797 siastica,
1315 761 1376 789 aut
1405 754 1560 800 politica.
1620 754 1718 789 Sicut
1752 756 1929 790 interdum
1954 759 2115 803 princeps

1126 806 1254 851 aliquis
1285 803 1390 839 habet
1419 805 1626 850 sapientiam
1657 813 1718 840 aut
1741 806 1838 850 pium
1863 807 2116 848 consiliarium,

1127 863 1186 890 aut
1211 856 1334 889 civitas
1359 856 1457 900 pium
1482 862 1690 892 senatorem.
1741 855 1813 890 Nec
1837 864 1939 901 putes
1964 855 2021 891 hic
2040 859 2114 892 fieri

1126 907 1342 940 mentionem
1366 907 1410 938 de
1428 906 1634 949 vulgaribus
1650 906 1816 947 somniis,
1843 908 1901 940 sed
1920 915 2115 952 sequuntur

1126 957 1163 990 in
1181 963 1275 991 textu
1293 963 1326 990 et
1343 956 1432 989 aliae
1447 955 1710 1000 appellationes.
1751 955 1818 989 His
1834 957 2001 991 omnibus
2017 959 2113 992 varia

1126 1008 1219 1041 dona
1243 1006 1415 1050 significat
1431 1004 1609 1040 Ecclesiae
1632 1012 1665 1040 et
1688 1007 1937 1049 gubernationi
1955 1020 2114 1042 necessa-

1124 1058 1196 1097 ria,
1225 1069 1312 1103 quae
1336 1056 1400 1090 etsi
1425 1056 1544 1090 omnia
1567 1063 1648 1090 sunt
1666 1057 1894 1099 miraculosa,
1921 1065 1955 1092 et
1972 1057 2038 1092 Dei
2057 1060 2113 1092 in-

1125 1107 1235 1152 signia
1253 1119 1374 1152 opera,
1399 1113 1516 1140 tamen
1532 1107 1600 1140 alia
1617 1107 1694 1140 aliis
1713 1108 1819 1150 magis
1836 1115 2046 1149 cernuntur,
2073 1117 2113 1143 ut

1100 1176 1101 1190 l
1124 1170 1202 1192 cum
1221 1157 1346 1192 Petrus
1368 1163 1508 1191 sanaret
1530 1158 1713 1201 claudum,
1738 1158 1793 1191 vel
1810 1170 1887 1192 cum
1905 1159 2111 1193 educeretur

1124 1220 1165 1242 ex
1188 1220 1344 1247 carcere,
1372 1207 1409 1240 id
1433 1215 1578 1242 vocatur
1601 1208 1831 1247 miraculum,
1855 1206 1902 1243 Et
1927 1210 2042 1253 magni
2060 1210 2109 1250 fit,

1123 1258 1205 1304 quia
1229 1258 1380 1292 incurrit
1403 1257 1440 1291 in
1465 1258 1608 1301 oculos,
1636 1270 1713 1292 cum
1738 1259 1804 1292 alia
1827 1258 1972 1293 haberet
1997 1261 2109 1294 multo

1122 1309 1254 1342 maiora
1280 1308 1468 1349 miracula,
1494 1315 1553 1347 ut,
1580 1309 1674 1353 quod
1700 1308 1838 1342 assidue
1855 1310 2111 1344 defendebatur

1123 1363 1244 1390 contra
1262 1358 1444 1390 diabolum
1460 1365 1495 1392 et
1512 1365 1633 1392 contra
1651 1365 1830 1403 tyrannos.
1883 1358 1969 1393 Item
1981 1386 1990 1400 ‚
2015 1361 2111 1405 quod

1120 1407 1315 1452 permansit
1338 1407 1375 1440 in
1401 1408 1582 1442 doctrinae
1606 1408 1774 1453 puritate,
1807 1409 1901 1454 quod
1926 1409 2000 1443 eius
2025 1423 2111 1444 con-

1122 1458 1240 1491 ciones
1263 1463 1363 1491 erant
1388 1456 1564 1500 efficaces,
1589 1459 1685 1504 quod
1710 1459 1783 1492 eius
1807 1459 2015 1503 gubernatio
2042 1461 2111 1494 fuit

1120 1508 1214 1542 felix.
1266 1507 1363 1541 Haec
1392 1515 1474 1542 sunt
1505 1520 1630 1552 magna
1664 1516 1697 1543 et
1727 1521 1807 1543 vera
1841 1510 2031 1551 miracula,
2065 1512 2110 1544 ad

1121 1570 1210 1604 quae
1241 1559 1412 1592 accedunt
1443 1558 1548 1593 etiarn
1582 1559 1758 1593 interdum
1790 1559 1858 1593 alia
1890 1571 1966 1593 rara
1993 1573 2110 1605 opera,

1121 1621 1209 1654 quae
1228 1609 1338 1652 magis
1355 1608 1542 1643 incurrunt
1561 1609 1598 1641 in
1614 1609 1745 1642 oculos.

1223 1674 1281 1709 Sic
1313 1686 1394 1718 ergo
1425 1675 1643 1718 intelligatur
1674 1672 1731 1708 hic
1754 1675 1850 1708 locus
1874 1677 1917 1709 de
1941 1676 2108 1709 omnibus

1120 1725 1224 1759 donis
1241 1724 1395 1769 Spiritus
1417 1725 1527 1759 sancti
1553 1725 1589 1758 in
1607 1723 1762 1758 Ecclesia
1790 1727 2008 1768 generaliter.
2060 1725 2108 1760 Et

1120 1775 1347 1810 meminerint
1378 1775 1446 1819 pii,
1482 1775 1543 1820 qui
1573 1782 1655 1809 sunt
1680 1775 1715 1809 in
1741 1777 2016 1818 gubernatione,
2052 1777 2108 1809 vel

1095 1842 1096 1847 ¹
1120 1824 1318 1866 Ecclesiae,
1351 1826 1407 1859 vel
1435 1826 1599 1870 politica,
1631 1826 1687 1858 vel
1721 1826 1896 1871 principes
1922 1839 1960 1860 ac
1985 1838 2108 1860 eorum

1120 1876 1333 1917 consiliarii,
1361 1883 1393 1909 et
1419 1883 1596 1909 senatores
1621 1876 1820 1915 civitatum,
1849 1878 1943 1921 quod
1970 1874 2027 1910 hic
2052 1877 2110 1910 di-

1121 1927 1212 1961 citur
1233 1929 1276 1959 de
1299 1926 1459 1959 senibus:
1494 1926 1603 1959 Senes
1629 1923 1810 1960 habebunt
1833 1928 1966 1960 donum
1990 1927 2108 1972 Spiri—

1120 1983 1177 2011 tus
1200 1977 1323 2011 sancti.
1376 1975 1443 2009 Hic
1467 1975 1564 2009 locus
1587 1977 1751 2009 admonet
1769 1977 2041 2020 gubernatores,
2067 1984 2108 2011 ut

1120 2028 1231 2061 sciant
1255 2024 1446 2060 humanam
1471 2026 1676 2070 sapientiam
1702 2038 1774 2059 non
1797 2027 1954 2061 sufficere
1970 2027 2108 2070 magnis

1120 2079 1223 2110 rebus
1246 2077 1411 2120 agendis,
1437 2087 1501 2110 nec
1525 2077 1560 2109 in
1587 2076 1741 2119 negociis
1758 2077 2016 2116 ecclesiasticis,
2043 2089 2106 2110 nec

1120 2128 1156 2160 in
1179 2128 1276 2167 aliis,
1301 2128 1359 2160 sed
1382 2138 1471 2171 opus
1487 2134 1537 2161 est
1551 2126 1687 2171 Spiritu
1705 2134 1844 2168 sancto,
1871 2129 2106 2170 gubernatore

1119 2185 1151 2211 et
1175 2179 1280 2218 duce,
1308 2184 1339 2211 et
1362 2185 1463 2211 orent
1487 2190 1564 2211 cum
1582 2177 1735 2216 Davide,
1761 2185 1798 2210 ut
1817 2185 1933 2221 surgat
1950 2176 2043 2211 Deus
2060 2178 2103 2211 ad

1120 2228 1288 2261 iudicium
1324 2229 1419 2273 quod
1451 2229 1654 2268 mandavit,
1695 2228 1728 2260 id
1764 2235 1831 2267 est,
1866 2229 1910 2261 ad
1944 2239 2104 2270 regnum.

1118 2277 1244 2312 Psalm.
1261 2278 1295 2311 7.
1312 2286 1345 2312 et
1365 2278 1441 2312 71.:
1470 2277 1581 2322 Surge
1599 2277 1709 2318 Deus,
1738 2278 1851 2311 iudica
1870 2285 2010 2313 terrain.

1090 2367 1093 2436 J
1587 2377 1631 2412 v.

1090 2437 1093 2444 Ι
1217 2449 1396 2484 Hactenus
1422 2448 1574 2481 breviter
1597 2448 1731 2481 dictum
1748 2455 1797 2482 est
1816 2450 1858 2481 ‹le
1875 2449 1977 2481 donis
1996 2456 2026 2482 et
2049 2457 2099 2483 te-

1089 2499 1092 2546 }
1116 2500 1290 2534 stimouiis
1315 2499 1467 2543 Spiritus
1490 2499 1618 2539 sancti,
1651 2511 1739 2543 quae
1764 2499 1883 2533 addita
1907 2506 1989 2533 suut
2017 2511 2100 2543 pro-

1116 2551 1272 2584 missioni
1303 2549 1487 2591 Evangelii
1525 2550 1570 2583 de
1610 2550 1804 2582 salvatione
1836 2549 2004 2592 promissa
2037 2563 2100 2594 per

1088 2618 1090 2623 v
1115 2601 1301 2642 Messiam,
1330 2600 1426 2634 addit
1449 2607 1565 2633 autem
1590 2606 1702 2632 textus
1724 2600 1859 2644 aliquid
1879 2601 1922 2633 de
1941 2607 2098 2644 tempore

1087 2681 1090 2689 Α
1116 2651 1285 2693 Messiae,
1320 2659 1351 2686 et
1383 2652 1426 2684 de
1455 2650 1563 2693 signis
1592 2650 1883 2695 praecedentibus
1903 2650 2096 2694 gloriosum
