2409 2915
224 113 298 147 707

230 204 369 242 agentes
394 193 664 240 poenitentiam,
691 197 725 225 et
748 189 910 225 conversi
930 189 974 223 ad
991 187 1107 224 Deum
1125 188 1217 223 libe-

231 255 354 282 rantur
375 247 418 280 ab
441 245 593 280 aeternis
617 242 762 288 poenis,
785 252 848 286 per
872 247 904 274 et
921 246 1065 285 propter
1083 239 1218 273 media-

232 307 342 333 torem
363 295 557 330 Dominum
582 301 742 328 nostrum
762 291 876 326 Iesum
894 289 1089 325 Christum.
1142 288 1219 322 Imo

232 347 288 381 his
310 347 518 391 mitigantur
541 346 646 379 etiam
671 355 804 389 poenae
829 342 1059 387 temporales,
1085 339 1221 374 etiarnsi

235 411 307 432 non
324 399 442 432 statim
460 408 603 442 prorsus
621 397 841 430 auferuntur.

336 465 413 499 Hoc
429 465 504 509 ipso
522 471 680 506 tempore
695 467 853 495 versatur
869 459 969 494 vobis
986 459 1032 493 ob
1055 458 1175 492 oculos
1192 461 1224 489 et

237 523 274 554 in
304 523 492 560 conspectu
523 515 633 548 moles
666 523 859 557 poenarum
888 510 1110 555 publicarum
1143 518 1224 541 sane

239 567 489 605 formidabilis:
525 565 649 598 videtis
680 563 787 597 simul
818 561 966 606 grassari
998 560 1119 594 multis
1141 558 1226 591 locis

239 624 365 656 famem
380 646 388 658 ,
417 616 648 662 pestilentiam
666 621 698 648 et
716 614 862 647 bellum.
914 611 1004 646 Nam
1022 612 1058 643 in
1078 608 1225 643 Polonia

240 679 271 706 et
287 670 426 713 Belgico
446 674 541 701 tanta
559 666 678 710 inopia
696 664 866 698 frumenti
885 670 951 704 est,
982 669 1021 696 ut
1038 661 1141 695 multi
1161 657 1226 692 ho-

241 723 353 756 mines
369 729 538 764 pauperes
555 718 646 750 fame
662 716 928 754 contabescant,
947 724 1058 758 eaque
1074 709 1228 766 difficul-

242 782 291 807 tas
310 784 370 805 seu
387 770 511 804 caritas
529 779 690 802 annonae
707 767 807 807 facit,
834 772 872 799 ut
897 765 999 798 etiam
1027 763 1064 796 in
1097 761 1225 794 vicinia

243 823 367 858 Silesia
385 828 417 855 et
434 820 513 853 aliis
530 819 616 853 locis
634 818 850 861 ingravescat
869 826 1024 855 annona,
1042 818 1226 858 propterea

243 875 338 920 quod
353 886 370 906 a
389 871 514 905 vicinis
533 870 708 903 frumenta
727 868 810 901 inde
833 871 1074 909 exportantur.
1129 863 1179 895 Ac
1199 861 1226 893 si

243 925 351 958 vicini
375 921 533 956 exhausti
553 922 642 954 forte
660 919 831 964 egebunt,
858 923 891 950 et
909 916 981 959 agri
1005 914 1118 948 nostri
1144 924 1229 945 con-

244 976 353 1010 tinuis
376 973 478 1008 bellis
503 971 751 1009 vastabuntur,
778 969 815 1000 in
843 966 983 1011 oppidis
1007 977 1090 998 vero
1116 964 1229 997 victus

243 1027 355 1060 deerit
374 1023 516 1058 familiis
536 1020 791 1055 sustinentibus
807 1017 893 1052 belli
911 1024 1068 1060 tempore
1085 1014 1230 1049 duriora

245 1088 367 1115 onera,
401 1074 549 1117 cogitate
580 1072 724 1105 obsecro
738 1095 747 1108 ,
791 1069 876 1114 quid
908 1068 1066 1101 futurum
1097 1066 1160 1105 sit,
1193 1076 1231 1098 ac

245 1126 450 1172 prospicite,
484 1129 636 1169 quantae
661 1120 874 1155 calamitates
897 1125 931 1152 et
953 1117 1109 1162 pericula
1132 1115 1234 1149 vobis

245 1178 483 1222 impendeant.
537 1173 655 1217 Quare
671 1172 762 1206 serio
780 1182 840 1205 vos
861 1167 986 1203 hortor
1011 1175 1045 1202 et
1067 1169 1234 1207 obtestor,

244 1236 283 1263 ut
301 1227 389 1262 hanc
406 1225 660 1260 severissimam
677 1222 834 1266 regulam
851 1232 912 1255 seu
930 1230 1093 1253 normam
1110 1217 1234 1252 iudicii

246 1279 360 1313 divini
387 1279 495 1318 bene,
521 1275 673 1309 multum
696 1285 734 1307 ac
757 1284 859 1316 saepe
878 1269 1126 1311 consideretis,
1153 1267 1235 1312 quia

247 1343 318 1364 non
358 1329 492 1372 indiget
526 1327 631 1370 longa
665 1323 920 1358 declaratione:
962 1320 1042 1364 Qua
1072 1329 1236 1354 mensura

248 1381 361 1415 mensi
380 1379 537 1418 fueritis,
565 1377 687 1410 eadem
706 1375 875 1408 reddetur
890 1379 923 1406 et
942 1371 1053 1405 vobis.

351 1447 446 1481 Haec
463 1443 691 1480 comminatio
709 1440 893 1475 exsuscitet
913 1450 1050 1480 curam,
1074 1444 1113 1472 ut
1128 1448 1237 1481 agno-

248 1506 382 1535 scentes
398 1495 681 1541 magnitudinem
700 1500 733 1527 et
756 1489 1023 1525 multitudinem
1041 1495 1237 1523 vestrorum

249 1557 490 1597 peccatorum,
516 1553 550 1580 et
573 1544 701 1578 fiducia
725 1541 929 1576 mediatoris
953 1541 997 1573 ad
1012 1538 1129 1574 Deum
1153 1551 1240 1573 con-

250 1601 362 1640 versi,
390 1597 556 1633 studeatis
566 1593 680 1629 Deum
699 1594 837 1627 flectere
854 1603 935 1625 vera
953 1591 1093 1634 pietate,
1120 1597 1153 1624 et
1170 1589 1239 1622 mi-

250 1652 454 1696 tigationem
473 1657 667 1694 poenarum
689 1644 781 1678 serio
810 1650 914 1688 atque
933 1641 1025 1675 veris
1049 1640 1239 1685 gemitibus

250 1703 385 1749 petatis.
437 1699 528 1734 Cum
546 1697 638 1732 enim
663 1695 779 1740 palam
795 1693 944 1728 videatis
969 1692 1133 1736 ingruere
1155 1702 1241 1736 poe-

250 1766 312 1788 nas
331 1751 520 1787 horribiles
535 1761 574 1783 ac
589 1747 761 1787 exitiales,
785 1743 1075 1790 impendentibus
1093 1754 1241 1776 conver-

252 1805 411 1840 sionibus
427 1810 531 1848 atque
546 1799 660 1834 ruinis
676 1797 841 1832 fatalibus
863 1795 1024 1829 omnium
1049 1805 1239 1837 regnorum

252 1865 285 1891 et
303 1853 645 1899 rerumpublicarum
664 1848 782 1883 ubivis
800 1854 993 1885 terrarum,
1020 1843 1241 1878 meditamini

253 1920 291 1941 ac
308 1906 459 1940 subinde
474 1901 641 1936 memoria
654 1899 798 1944 repetite
816 1898 949 1931 dictum
961 1895 1110 1929 Domini
1129 1895 1240 1928 nostri

255 1957 332 1991 lesu
349 1954 479 1989 (Thristi
499 1953 614 1987 Lucae
631 1951 710 1985 21.:
739 1946 851 1983 Orate
878 1953 916 1980 ut
932 1946 1072 1990 possitis
1089 1946 1242 1988 effugere

255 2010 342 2042 iram
362 2005 623 2051 impendentem
643 2007 674 2034 et
694 2006 840 2034 ventura
858 1997 958 2031 mala.

355 2073 602 2117 Hierosolyma
620 2081 692 2101 non
713 2067 807 2101 stetit
824 2066 976 2105 diutius,
1004 2075 1108 2109 quam
1129 2074 1241 2097 annos

255 2126 485 2173 quadraginta
502 2129 578 2167 post
598 2118 688 2153 hanc
698 2115 831 2152 Christi
852 2128 983 2153 vocem,
1001 2127 1080 2149 cum
1099 2115 1240 2148 interim

256 2190 361 2213 omne
387 2186 496 2219 genus
522 2169 771 2215 turpitudinis,
804 2167 995 2206 scelerum,
1023 2173 1056 2199 et
1080 2166 1239 2209 petulan-

258 2231 324 2264 tiae
351 2229 387 2263 in
415 2239 452 2259 ea
483 2228 647 2258 cresceret
681 2220 794 2253 indies
823 2230 861 2251 ac
893 2217 1144 2252 cumularetur.
1197 2214 1242 2250 Et

257 2290 460 2326 quanquam
485 2281 686 2309 sanctorum
709 2268 917 2306 hominum,
946 2265 1153 2308 Zachariae,
1181 2267 1242 2302 Si-

257 2331 411 2371 meonis,
443 2325 612 2361 lobannis
627 2322 824 2367 Baptistae,
845 2316 998 2359 Christi,
1027 2326 1058 2353 ct
1078 2319 1243 2363 deinceps

259 2381 510 2427 Apostolorum
536 2375 706 2422 querelis,
735 2368 1058 2409 admonitionibus,
1091 2371 1243 2403 obtesta-

257 2434 431 2470 tionibus,
454 2437 484 2464 et
502 2426 732 2463 concionibus
750 2423 896 2468 profana
913 2421 1104 2455 multitudo
1123 2421 1242 2465 populi

259 2493 288 2519 et
325 2483 524 2529 principum
554 2491 616 2511 nec
644 2476 861 2509 afficit-batur
886 2485 948 2506 nec
978 2472 1242 2512 emendabatur,

258 2545 373 2571 tamon
398 2546 470 2567 non
497 2533 637 2565 suerunt
663 2528 785 2560 inanes
809 2533 838 2559 et
863 2535 1006 2569 prorsus
1031 2523 1105 2556 sine
1128 2523 1242 2557 fructu

259 2586 295 2621 lii
324 2588 510 2622 clamores,
545 2582 602 2615 sed
632 2578 734 2612 multi
761 2576 919 2610 conversi
946 2581 1026 2609 sunt
1049 2575 1091 2608 ad
1117 2573 1243 2611 Deum.

261 2647 291 2672 et
314 2639 349 2670 in
364 2635 425 2670 hac
444 2636 512 2668 vita
533 2631 676 2668 servati,
703 2640 791 2674 quos
816 2626 897 2661 hinc
914 2633 1073 2660 evocatos
1087 2626 1129 2659 ad
1149 2626 1242 2658 salu-

824 102 951 142 PHIL.
976 101 1094 140 MEL.
1126 100 1340 139 SCRIPTA
1371 98 1671 140 EXEGETICA

2184 101 2260 138 708

1271 187 1371 222 bium
1395 195 1458 224 est.
1516 187 1569 223 Ita
1598 196 1684 224 tunc
1704 186 1800 223 Deus
1822 187 1859 221 in
1887 185 2097 223 tristissimis
2119 187 2264 222 excidiis

1273 245 1376 283 atque
1395 239 1508 273 ruinis
1519 240 1663 274 urbium
1674 246 1707 274 et
1723 239 1968 284 imperiorum,
1993 238 2263 274 clementissime

1275 289 1415 332 collegit
1431 301 1471 323 ac
1488 291 1639 324 servavit
1654 289 1858 325 Ecclesiam.

1377 345 1511 381 Eodem
1527 350 1633 382 modo
1649 349 1777 383 accidit
1803 349 1840 382 in
1859 346 2005 382 historia
2020 347 2265 383 Ninivitarum

1277 398 1363 432 Iona
1382 398 1617 443 praedicante.
1666 398 1742 434 Rex
1757 406 1789 433 et
1803 399 1949 444 plurimi
1968 396 2130 433 homines
2148 399 2186 432 in
2202 397 2267 433 Ni-

1277 450 1359 483 nive
1387 449 1546 483 conversi
1573 455 1674 491 sunt,
1707 450 1856 496 ideoque
1881 450 2003 485 civitas
2026 448 2267 484 Ninivitarum

1278 507 1362 534 tunc
1379 511 1453 533 non
1478 506 1529 533 est
1552 500 1685 541 deleta,
1711 501 1771 534 sed
1788 501 1887 536 Deus
1913 501 2083 535 immensa
2107 500 2268 535 bonitate

1280 550 1454 594 mitigavit
1476 562 1616 595 poenas.
1669 549 1739 585 Sed
1762 563 1856 586 anno
1878 553 2090 595 octogesimo
2113 557 2191 596 post
2213 550 2268 584 vel

1280 602 1439 642 circiter,
1481 602 1550 635 iam
1576 601 1714 635 sublato
1738 600 1997 644 Sennacherib,
2038 615 2117 636 cum
2144 602 2268 636 itidem

1281 658 1475 686 crescerent
1500 664 1539 686 ac
1562 652 1830 686 cumularentur
1855 660 2012 697 peccata,
2037 653 2168 687 Ninive
2187 659 2269 687 tan

1281 704 1360 737 dem
1375 703 1538 737 funditus
1554 714 1673 736 eversa
1691 710 1723 737 et
1742 703 1916 738 destructa
1927 711 1988 739 est.
2019 702 2152 738 Verum
2169 703 2270 738 cuius

1281 753 1420 788 animus
1437 765 1511 787 non
1526 761 1687 787 movetur
1702 761 1761 788 aut
1776 754 1930 789 flectitur
1951 755 1992 788 ad
2014 754 2269 799 poenitentiam

1282 811 1470 849 conspectu
1508 805 1812 839 acerbissimarum
1847 805 2066 840 miseriarum
2106 816 2272 850 praesen-

1282 855 1390 896 tium,
1425 855 1504 900 quis
1531 853 1626 889 hunc
1652 868 1724 888 non
1749 856 1955 896 vecordem,
1990 868 2061 889 non
2085 856 2272 894 furiosum,

1282 918 1354 939 non
1374 913 1490 940 mente
1507 912 1645 950 captum
1665 917 1737 939 esse
1754 906 1941 951 perspicit?
1969 905 2051 941 ldeo
2068 918 2190 941 rursus
2207 917 2270 939 vos

1283 957 1440 1000 singulos
1459 963 1492 990 et
1509 954 1633 990 hortor
1650 963 1681 990 et
1698 957 1874 1001 obtestor,
1901 963 1940 991 ut
1956 969 2039 991 cura
2057 957 2180 992 salutis
2194 956 2274 990 ani-

1284 1019 1421 1041 marum
1438 1014 1654 1048 vestrarum,
1679 1014 1876 1042 vestrorum
1901 1008 2114 1050 liberorum,
2140 1015 2173 1042 et
2189 1006 2273 1042 uni-

1286 1070 1404 1092 versae
1413 1056 1589 1092 Ecclesiae
1600 1055 1730 1092 Christi
1747 1059 1958 1100 exsuscitati,
1983 1070 2098 1092 mores
2113 1065 2147 1093 et
2164 1059 2274 1093 vitam

1286 1109 1498 1150 emendetis,
1532 1108 1739 1143 ardentibus
1773 1110 1862 1143 votis
1887 1116 2083 1153 precantes,
2117 1116 2157 1144 ut
2178 1107 2276 1143 Deus

1287 1161 1442 1205 placatus
1465 1159 1568 1193 nobis
1591 1166 1730 1204 parcat,
1766 1167 1799 1194 et
1831 1161 2002 1194 immensa
2034 1159 2278 1194 misericordia

1288 1222 1419 1255 poenas
1445 1211 1552 1244 leniat
1577 1217 1720 1255 propter
1745 1211 1911 1245 meritum
1936 1218 1969 1245 et
1991 1210 2277 1245 intercessionem

1289 1262 1352 1294 filii
1368 1261 1422 1295 sui
1440 1259 1587 1294 Domini
1605 1261 1717 1295 nostri
1733 1260 1811 1295 Iesu
1828 1259 1982 1303 Christi,
2010 1261 2137 1297 Amen.

1391 1315 1499 1365 Quid
1529 1316 1626 1352 vides
1646 1318 1834 1366 festucam
1858 1318 1896 1352 in
1921 1318 2024 1354 oculo
2048 1318 2190 1368 fratris
2213 1317 2280 1357 lui,

1291 1366 1428 1401 trabem
1447 1373 1567 1402 autem
1585 1369 1623 1402 in
1642 1369 1745 1403 oculo
1762 1375 1824 1403 luo
1839 1382 1913 1404 non
1930 1368 2226 1404 animadvertis?

1394 1436 1499 1471 Scitis
1524 1437 1560 1470 in
1584 1435 1649 1471 hac
1674 1437 1778 1482 longa
1803 1438 1973 1472 concione
1995 1437 2144 1473 Domini
2165 1437 2279 1472 nostri

1293 1486 1371 1521 Iesu
1393 1484 1528 1521 Christi
1555 1488 1730 1522 contineri
1764 1489 2036 1523 eruditissimam
2075 1488 2280 1534 explicatio-

1293 1549 1373 1571 nem
1396 1544 1502 1583 atque
1527 1539 1801 1573 declarationem
1826 1538 2010 1583 Decalogi,
2050 1551 2090 1573 ac
2117 1540 2155 1572 in
2179 1550 2280 1584 prae-

1294 1589 1384 1622 senti
1394 1588 1506 1632 capite
1519 1590 1634 1633 coepit
1644 1601 1808 1623 enarrare
1817 1587 1993 1623 Dominus
2002 1597 2164 1624 octavum
2180 1600 2283 1634 prae-

1293 1645 1448 1684 ceptum:
1475 1637 1527 1672 Ne
1551 1639 1647 1673 dicas
1670 1639 1797 1674 salsum
1822 1640 2077 1677 testimonium.
2111 1638 2181 1675 Cui
2197 1651 2279 1674 vero

1294 1697 1448 1724 vestrum
1467 1689 1656 1724 obscurum
1674 1698 1743 1732 est,
1771 1703 1850 1725 cum
1874 1689 1945 1725 sint
1968 1689 2053 1725 haec
2076 1689 2281 1726 communia

1294 1748 1326 1775 et
1360 1741 1519 1784 vulgaria
1548 1749 1704 1786 peccata,
1736 1742 1902 1783 mentiri,
1935 1742 2149 1782 conviciari,
2185 1742 2283 1776 calu-

1292 1791 1433 1832 mniari,
1458 1791 1680 1833 maledicere,
1706 1793 1912 1831 obtrectare,
1939 1793 2133 1832 criminari,
2160 1792 2282 1827 indul-

1292 1855 1372 1887 gere
1390 1843 1486 1876 salsis
1501 1843 1774 1888 suspicionibus,
1791 1850 1823 1877 et
1840 1855 1879 1877 ex
1896 1841 1951 1877 bis
1969 1851 2097 1878 temere
2114 1844 2282 1881 iudicare,

1292 1895 1445 1928 aliorum
1468 1905 1528 1927 seu
1551 1895 1731 1928 benefacta
1757 1906 1817 1928 seu
1842 1901 1934 1928 recte
1958 1895 2051 1929 dicta
2078 1896 2282 1940 depravare,

1292 1951 1351 1978 aut
1370 1945 1533 1988 ambigua
1552 1945 1587 1977 in
1603 1945 1812 1979 deteriorem
1837 1952 1969 1990 partem
1988 1946 2147 1988 nectere,
2172 1953 2206 1980 et
2223 1956 2280 1979 ca

1294 1996 1467 2028 lumniose
1490 2007 1529 2028 ac
1564 1996 1818 2030 contumeliose
1850 1998 2108 2040 exaggerando,
2158 1996 2282 2031 tradu-

1293 2047 1475 2091 cendoque
1507 2046 1635 2079 samam
1665 2059 1786 2081 eorum
1821 2048 1984 2081 taedere?
2033 2047 2128 2082 llaec
2160 2047 2282 2082 omnia

1293 2104 1431 2142 peccata
1457 2095 1693 2141 prohibentur
1716 2098 1752 2131 in
1771 2105 1894 2132 octavo
1919 2106 2119 2143 praecepto:
2149 2097 2201 2133 Ne
2224 2097 2281 2132 di-

1293 2159 1349 2181 cas
1368 2148 1493 2180 salsum
1513 2148 1752 2183 testimouium
1767 2177 1775 2189 ,
1803 2149 1838 2182 in
1858 2161 1962 2194 quam
1981 2150 2189 2185 sententiam
2206 2146 2282 2184 Do-

1294 2199 1412 2232 minus
1442 2199 1477 2231 iu
1507 2196 1573 2233 hoc
1606 2200 1718 2244 capite
1749 2200 1934 2244 praecipit:
1970 2200 2089 2236 Nolite
2113 2200 2281 2236 iudicare.

1292 2248 1358 2283 Cui
1377 2257 1561 2294 praecepto
1586 2251 1852 2294 adiungendum
1873 2258 1922 2285 est
1940 2252 2138 2296 exemplum
2151 2278 2161 2293 ,
2183 2251 2281 2296 quod

1294 2299 1349 2334 hic
1366 2301 1524 2346 sequitur
1546 2302 1589 2335 de
1606 2303 1759 2347 quodam
1777 2299 1972 2348 hypocrita.
2027 2302 2159 2337 illustri
2183 2301 2281 2335 enim

1293 2353 1459 2397 parabola
1480 2352 1638 2397 pingitur
1662 2350 1862 2399 hypocrita,
1889 2353 1949 2398 qui
1976 2365 2055 2387 cum
2081 2352 2282 2387 coecutiens

1294 2403 1384 2438 nolit
1402 2415 1544 2437 cernere
1560 2403 1732 2447 insignem
1756 2403 1890 2438 trabem
1914 2404 1950 2437 iu
1975 2416 2039 2438 suo
2065 2404 2189 2446 oculo,
2215 2414 2280 2439 cu-

1293 2455 1395 2488 riosis
1411 2461 1526 2488 tamen
1546 2455 1658 2489 oculis
1675 2454 1877 2494 investigat.
1905 2461 1938 2489 ct
1963 2455 2169 2499 diligentins
2191 2465 2279 2489 con-

1293 2513 1411 2540 tuetur
1427 2507 1593 2540 festucam
1611 2506 1647 2539 in
1664 2505 1766 2539 oculo
1783 2505 1911 2543 alieno.
1964 2507 2015 2541 Ac
2032 2519 2075 2541 ne
2093 2504 2175 2541 huie
2196 2505 2278 2553 qui-

1292 2557 1371 2591 dem
1387 2557 1546 2602 exemplo
1562 2568 1651 2601 opus
1669 2563 1716 2590 est
1736 2557 1870 2601 prolixa
1889 2557 2140 2593 declaratione.

1394 2625 1533 2666 Quotus
1556 2623 1650 2657 enirn
1674 2623 1822 2669 quisque
1844 2631 1913 2662 est.
1949 2637 2052 2670 quem
2076 2635 2160 2659 usus
2187 2624 2281 2660 vitae

260 2697 327 2723 tem
352 2696 527 2722 aeternam
556 2682 622 2718 frui
650 2682 742 2715 claro
767 2685 952 2723 conspectu
970 2677 1036 2712 Dei
1062 2674 1150 2710 nihil
1176 2677 1241 2710 du-
1292 2674 1490 2709 communis
1505 2682 1536 2709 et
1561 2675 1767 2721 quotidiana
1794 2676 2006 2721 experientia
2031 2688 2103 2710 non
2129 2675 2278 2710 convin-
