2409 2915
75 121 147 158 809
323 118 403 155 XII.

69 207 117 243 Et
149 208 192 241 de
226 204 293 239 hoc
327 204 496 238 beneficio
530 202 645 247 inquit
674 200 790 235 David
820 199 948 233 Psalm.
974 199 1055 235 22:

70 258 192 294 Unum
210 255 276 290 hoc
293 256 376 300 petii
395 268 412 289 a
430 254 604 293 Domino,
631 250 697 285 hoc
714 253 912 296 requiram,
938 258 976 285 ut
993 249 1056 284 ha—
1106 251 1360 296 Apostolorum
1390 258 1422 284 et
1452 252 1489 284 in
1521 251 1701 296 Symbolis
1728 251 1833 285 iudex
1866 256 1926 283 est.

458 113 849 153 ANNOTATIONES
875 114 939 149 ET
965 112 1246 149 CONCIONES
1284 113 1333 148 IN
1366 112 1545 151 EVANG.
1571 111 1852 150 MATTHAEI.

2025 113 2097 148 810

1107 202 1189 234 deo:
1218 199 1294 243 Ipse
1318 200 1411 234 filius
1428 200 1517 239 Dei,
1545 201 1581 233 in
1601 212 1684 234 voce
1703 197 1888 242 Evangelii
1906 205 1939 232 et
1956 197 2094 282 scgiptis

2015 261 2031 282 c
2063 260 2092 282 si

68 310 179 344 bitem
219 309 257 341 in
289 308 395 341 domo
427 304 574 353 Domini
607 303 773 336 omnibus
808 303 932 336 diebus
964 302 1056 335 vitae
1105 302 1255 337 fideliter
1288 302 1427 346 quaeris
1459 302 1663 341 veritatem,
1699 314 1766 335 vox
1802 301 1923 334 divina
1956 312 2091 345 nequa-

68 372 184 398 meae,
217 356 284 392 hoc
308 365 374 395 est,
409 363 448 390 ut
470 355 535 388 sim
561 355 756 387 membrum
782 365 820 386 ac
845 354 930 386 civis
954 364 1055 386 verae

67 409 263 449 Ecclesiae,
305 415 339 442 et
371 419 390 440 a
423 417 572 440 numero
604 405 758 438 filiorum
781 403 846 437 Dei
871 415 1054 448 nunquam

70 462 247 496 excludar.
301 456 348 492 Et
361 468 424 491 vos
450 457 539 500 agite
557 456 631 490 Deo
655 456 783 499 gratias
807 462 878 489 toto
905 461 1055 500 pectore,

70 512 206 547 etiamsi
229 510 344 545 tristes
368 509 439 542 sint
461 519 648 540 aerumnae
681 505 787 540 huius
811 506 920 546 vitae,
960 505 1053 550 quod

70 571 188 598 tamen
213 562 249 594 in
274 559 336 593 tali
358 565 460 592 coetu
477 558 614 596 vivitis,
648 558 707 603 qui
731 569 811 590 vere
834 564 883 590 est
899 555 1055 590 Ecclesia

70 614 154 654 Dei,
183 623 271 657 quae
289 610 401 644 Deum
421 616 512 643 recte
532 609 670 642 invocat
687 621 725 641 ac
741 608 836 643 colit.
896 605 944 641 Et
960 613 1056 640 orate

67 665 178 698 filium
205 661 270 696 Dei
294 659 491 694 Dominum
524 667 684 693 nostrum
717 658 832 692 lesum
862 656 1056 696 Christum,

66 721 106 748 ut
125 719 295 758 perpetuo
315 718 491 745 aeternam
504 709 695 744 Ecclesiam
715 710 807 744 inter
822 721 886 741 nos
904 709 1056 751 colligat,

66 771 196 805 servet,
226 775 264 796 ac
281 769 394 806 regat,
422 762 511 796 sicut
529 762 602 806 ipse
621 768 782 805 precatur
799 767 979 794 aeternum
989 758 1057 792 Pa-

65 823 170 850 trem:
198 814 321 857 Pater,
350 825 448 846 serva
475 824 532 846 eos
550 813 588 845 in
606 812 750 844 nomine
769 818 848 852 tuo,
877 810 1054 844 sanctifica

67 879 126 900 eos
150 866 188 899 in
208 865 355 898 veritate
372 871 451 904 tua,
479 875 592 896 sermo
609 869 691 896 tuus
709 869 760 896 est
778 863 925 904 veritas,
953 861 1057 895 Pater

66 925 182 951 sancte
197 927 295 950 serva
314 927 372 949 eos
387 915 424 947 in
443 914 588 947 nomine
605 921 678 954 tuo,
702 925 790 958 quos
808 913 936 946 dedisti
957 909 1056 952 mihi,

64 975 104 1002 ut
128 969 200 1001 sint
216 978 347 1007 unum,
374 966 463 999 sicut
481 972 513 999 et
533 976 617 1005 nos,
643 971 683 998 ut
703 976 826 997 omnes
842 976 954 998 unum
971 963 1054 1003 sint,

65 1020 152 1053 sicut
170 1025 208 1052 tu
223 1017 326 1051 Pater
349 1017 386 1049 in
405 1028 477 1056 me,
514 1023 547 1049 et
571 1027 633 1058 ego
660 1015 698 1048 in
721 1021 772 1055 te,
807 1023 838 1049 et
864 1021 903 1048 ut
927 1014 994 1058 ipsi
1019 1014 1055 1046 in

64 1070 167 1104 nobis
183 1081 295 1102 unum
313 1068 393 1101 sint.
448 1066 545 1099 Idem
564 1078 628 1099 nos
645 1078 786 1111 quoque
807 1078 885 1099 cum
897 1064 1055 1098 Domino

65 1128 186 1155 nostro
202 1119 280 1154 Iesu
295 1116 437 1152 Christo
457 1129 660 1161 precemur,
691 1124 725 1150 et
748 1117 839 1149 veris
866 1115 1054 1158 gemitibus

63 1184 103 1206 ac
120 1171 210 1205 votis
227 1177 405 1215 petamus,
432 1175 470 1202 ut
487 1175 665 1202 aeternam
682 1168 720 1200 in
739 1168 843 1201 nobis
862 1165 1054 1200 Ecclesiam

65 1223 138 1267 ipse
155 1228 268 1255 servet
288 1232 327 1254 ac
345 1226 452 1263 regat.

466 1318 650 1348 Quaesfio.

166 1371 236 1406 Sed
267 1371 376 1404 dices:
415 1369 606 1413 Quomodo
631 1368 701 1401 scio
725 1368 788 1401 ubi
813 1374 872 1401 aut
898 1379 988 1412 quae
1012 1367 1056 1400 sit

62 1422 218 1458 Ecclesia
235 1432 330 1460 vera,
358 1421 461 1454 video
474 1420 632 1453 infinitas
644 1431 716 1453 esse
729 1425 851 1459 sectas,
878 1425 911 1452 et
921 1430 1055 1451 unam-

63 1484 239 1520 quamque
255 1472 407 1515 gloriose
422 1471 645 1516 praedicare‚
670 1482 704 1503 se
723 1482 796 1503 esse
810 1467 1003 1503 Ecclesiam
1023 1475 1056 1502 et

62 1525 235 1570 populum
252 1522 344 1557 Dei'?

455 1621 664 1654 Responsio.

163 1675 325 1710 Fuerunt
343 1672 432 1719 proh
450 1674 554 1707 dolor
570 1673 737 1707 omnibus
755 1673 975 1717 temporibus
990 1673 1056 1707 tri-

62 1736 130 1763 stes
156 1734 191 1761 et
214 1724 406 1760 horribiles
430 1725 674 1765 confusiones;
708 1731 747 1758 ut
770 1730 948 1767 tempore,
984 1737 1055 1770 quo

62 1776 271 1818 Zacharias,
295 1776 460 1816 Simeon,
486 1773 674 1808 Elizabeth
692 1781 725 1808 et
743 1773 859 1807 Maria
879 1775 1056 1816 vivebant,

62 1835 164 1864 erant
180 1828 286 1861 simul
301 1827 456 1869 ingentia
474 1826 615 1869 agmina
629 1823 898 1859 Pharisaeorum
915 1833 949 1860 et
965 1825 1056 1860 Sad-

61 1882 288 1915 ducaeorum.
347 1877 431 1910 Post
453 1876 647 1920 Apostolos
669 1876 920 1910 exoriebantur
942 1875 1055 1910 Ebio-

61 1932 178 1969 nitae,
213 1927 468 1966 Marcionitae,
497 1925 664 1967 Arriani,
694 1925 898 1960 Manichaei
925 1934 958 1960 et
982 1928 1054 1964 alii.

59 1981 190 2016 Nostro
214 1987 371 2024 tempore
389 1978 545 2021 ingentia
563 1978 701 2020 agmina
722 1984 804 2011 sunt
821 1977 1054 2022 Papistarum‚

61 2031 397 2076 Anabaptistarum‚
426 2028 734 2062 Interimistarum.
790 2027 946 2071 Quaerat
971 2041 1053 2073 ergo

62 2085 120 2129 pia
143 2094 262 2122 mens,
291 2082 335 2114 ad
351 2092 439 2126 quos
457 2080 695 2114 accedendum
714 2079 769 2113 sit.
823 2078 1053 2124 Respondeo,

61 2134 251 2169 discrimen
283 2144 387 2176 supra
418 2138 597 2164 ostensum
626 2131 870 2175 quaerendum
898 2143 938 2165 ac
968 2132 1053 2165 reti-

62 2185 220 2220 nendum
239 2194 322 2217 esse.
375 2180 621 2216 Certissimum
639 2181 734 2214 enim
753 2188 822 2222 est,
847 2182 1053 2227 ubicunque

62 2249 129 2270 vox
153 2233 341 2278 Evangelii
373 2233 577 2276 incorrupta
610 2239 730 2270 sonat,
762 2239 794 2266 et
820 2243 903 2266 usus
927 2232 1053 2267 Sacra-

61 2293 263 2322 mentorum
294 2284 471 2327 legitimus
495 2289 528 2316 et
552 2294 570 2315 a
593 2280 736 2316 Christo
763 2283 946 2317 institutus
967 2285 1052 2318 reti-

61 2346 184 2379 netur,
212 2348 276 2369 nec
295 2336 536 2369 defenduntur
552 2333 781 2381 pertinaciter
798 2334 893 2367 idola
912 2341 972 2368 aut
989 2335 1052 2370 alii

61 2389 141 2424 tetri
171 2389 330 2428 furores,
362 2385 440 2420 talis
472 2391 592 2418 coetus
617 2396 699 2418 vere
722 2391 772 2418 est
793 2382 950 2418 Ecclesia
973 2385 1052 2419 Dei.

60 2441 145 2475 Ideo
169 2440 212 2472 ad
236 2436 333 2472 hunc
357 2444 493 2471 coetum
519 2436 681 2476 accedaS,
708 2442 742 2469 et
765 2435 796 2469 ei
821 2443 853 2469 te
870 2437 1052 2481 adiungas,

61 2492 157 2526 iuxta
183 2489 317 2523 dictum
342 2488 407 2521 filii
431 2486 514 2521 Dei:
551 2484 647 2520 Oves
673 2499 769 2520 meae
793 2499 914 2520 vocem
937 2501 1051 2523 meam

64 2542 225 2577 audiunt.

164 2589 325 2626 Obiicies
351 2585 408 2621 bic
432 2589 566 2622 denuo:
594 2587 757 2622 Clamant
782 2601 904 2623 omnes
928 2596 1050 2629 sectae,

65 2655 99 2677 se
126 2643 278 2677 retinere
307 2651 428 2674 vocem
456 2637 641 2683 Evangelii
674 2640 935 2684 incorruptam:
973 2641 1051 2686 quis

65 2695 171 2738 igitur
193 2693 297 2727 iudex
313 2698 382 2732 est,
409 2702 580 2735 quaenam
597 2698 688 2725 recte
705 2691 849 2726 doceat?
886 2690 1051 2736 Respon-

1079 1074 1083 1132 l

1106 365 1211 399 quam
1232 360 1281 386 est
1307 353 1456 385 obscura
1481 359 1542 386 aut
1567 352 1750 395 ambigua,
1785 359 1817 385 ct
1838 359 1936 396 potes
1959 350 2092 385 intelli-

1106 417 1204 448 gere,
1232 410 1352 437 utrum
1377 409 1517 436 nostrae
1534 400 1711 436 Ecclesiae
1736 410 1795 435 aut
1813 402 2016 437 pontificiae
2033 408 2092 435 aut

1106 452 1419 500 Anabaptistarum
1445 466 1522 487 cum
1547 464 1630 486 voce
1647 453 1767 486 divina
1788 454 1991 496 incorrupta
2008 464 2092 486 con-

1105 507 1270 540 sentiant.
1326 504 1481 538 Tantum
1505 504 1655 539 retineto
1677 504 1715 536 in
1739 501 1804 536 hac
1822 504 2092 546 investigatione

1106 558 1311 591 mandatum
1344 556 1565 589 immutabile
1595 555 1726 588 aeterni
1750 554 1864 588 Patris
1894 566 2021 587 sonans
2051 556 2094 587 de

1106 609 1220 643 coelo:
1245 607 1318 640 ‘Hic
1335 614 1384 640 est
1400 607 1493 639 filius
1512 618 1628 646 meus,
1656 606 1815 646 dilectus,
1843 617 1912 650 quo
1931 605 2095 645 delector,

1106 658 1201 694 hunc
1226 659 1355 693 audite.
1410 657 1486 690 Vox
1513 664 1562 690 est
1586 657 1688 690 sicuti
1713 657 1810 689 vides
1828 656 1943 689 Patris
1961 654 2095 688 aeterni

1106 723 1169 744 nec
1191 711 1358 750 obscura,
1385 720 1449 741 nec
1472 708 1654 752 ambigua,
1681 708 1856 740 deducens
1874 714 1906 740 te
1922 707 1965 740 ad
1981 717 2094 739 unum

1106 763 1285 795 doctorem
1318 767 1350 793 et
1376 760 1549 800 iudicem,
1584 759 1696 792 filium
1720 757 1784 791 Dei
1809 757 2004 791 Dominum
2029 768 2095 789 no-

1107 820 1217 847 strum
1236 810 1351 844 Iesum
1363 808 1561 849 Christum,
1590 821 1694 854 quem
1712 809 1817 841 debes
1833 809 1967 841 audire.
2022 804 2095 840 Eo-

1108 865 1186 897 dem
1206 864 1314 896 modo
1333 868 1367 895 et
1386 860 1519 895 Paulus
1537 860 1664 893 diserte
1684 859 1817 904 inquit:
1847 859 1883 892 Si
1903 859 1980 903 quis
1997 858 2095 890 aliud

1107 914 1340 957 Evangelium
1364 913 1483 953 docet,
1516 909 1716 945 Anathema
1741 910 1795 943 sit.
1857 909 1932 942 Hae
1957 909 2095 952 regulae

1107 978 1251 999 normae
1282 964 1370 1004 sint,
1405 974 1491 1008 quas
1518 963 1554 994 in
1578 962 1769 995 iudicando
1795 961 1972 1006 sequaris,
2008 970 2096 1004 quae

1107 1017 1152 1050 sit
1175 1028 1254 1049 vera
1280 1015 1335 1047 vel
1360 1014 1446 1047 falsa
1464 1013 1531 1046 Dei
1546 1012 1714 1046 Ecclesia.
1768 1011 1858 1046 Cum
1881 1017 2013 1055 pugnat
2032 1011 2096 1043 do—

1107 1067 1218 1101 ctrina
1241 1078 1319 1099 cum
1341 1076 1499 1109 expressa
1516 1075 1601 1096 voce
1619 1062 1825 1105 Evangelii,
1855 1063 1908 1095 vel
1926 1074 2004 1095 cum
2023 1073 2095 1094 uno

1108 1118 1315 1162 pluribusve
1335 1116 1493 1149 articulis
1509 1114 1610 1155 fidei,
1636 1114 1691 1146 vel
1709 1126 1786 1147 cum
1797 1113 1990 1155 Decalogo,
2020 1123 2097 1144 cer·

1106 1177 1141 1203 to
1167 1175 1298 1202 statuas
1323 1168 1426 1200 talem
1451 1173 1589 1199 coetum
1613 1177 1686 1197 non
1711 1176 1782 1198 esse
1805 1164 1996 1197 Ecclesiam
2019 1161 2096 1195 Dei.

1108 1219 1154 1254 Ut
1194 1218 1352 1252 scelerati
1391 1217 1587 1250 nebulones
1617 1215 1871 1260 Anabaptistae
1909 1215 2098 1252 affirmant,

1107 1270 1280 1303 adulteria
1298 1280 1371 1301 non
1390 1280 1462 1300 esse
1478 1274 1627 1310 peccata.
1683 1266 1782 1299 Talis
1799 1266 2006 1300 asseveratio
2022 1276 2097 1296 ma-

1107 1321 1273 1353 nifestum
1291 1326 1323 1352 et
1341 1318 1559 1352 diabolicum
1574 1318 1798 1351 mendacium
1818 1325 1867 1351 est
1885 1323 2005 1349 eontra
2024 1313 2097 1348 De-

1107 1371 1279 1413 calogum.

1209 1420 1370 1464 Papistae
1393 1419 1577 1464 inquiunt:
1606 1417 1735 1452 Nostra
1756 1429 1861 1460 opera
1882 1416 2006 1449 merita
2027 1427 2098 1448 esse

1106 1472 1325 1506 remissionis
1350 1477 1593 1516 peccatorum,
1621 1476 1654 1503 et
1675 1468 1864 1502 nominant
1881 1479 1985 1511 opera
2005 1465 2096 1499 Mis-

1108 1535 1161 1557 sas
1185 1523 1446 1562 idololatricas‚
1471 1522 1561 1555 ritus
1580 1519 1818 1559 Monasticos‚
1844 1518 2098 1552 satisfactiones

1107 1581 1140 1609 et
1162 1574 1294 1608 similes
1316 1572 1603 1617 superstitiones,
1629 1577 1749 1615 postea
1774 1570 1951 1604 affirmant
1973 1580 2098 1613 perpe-

1106 1632 1168 1659 tuo
1199 1625 1436 1658 dubitandum
1467 1634 1540 1656 esse
1563 1624 1605 1656 de
1630 1621 1838 1654 remissione
1865 1627 2097 1664 peccatorum.

1107 1675 1184 1709 Hae
1201 1674 1474 1709 asseverationes
1486 1685 1607 1707 omnes
1619 1678 1777 1717 pugnant
1789 1683 1867 1704 cum
1882 1683 1964 1704 voce
1974 1669 2098 1703 Evan-

1107 1727 1189 1771 gelii
1221 1724 1524 1765 manifestissima,
1557 1735 1646 1769 quae
1675 1722 1804 1755 diserte
1830 1729 1862 1756 et
1885 1722 1960 1754 sine
1982 1720 2097 1754 ambi-

1107 1779 1239 1821 guitate
1264 1778 1307 1810 de
1331 1774 1488 1809 Domino
1515 1781 1636 1808 nostro
1664 1772 1743 1806 Iesu
1767 1770 1909 1806 Christo
1934 1773 2096 1810 affirmat,

1107 1841 1170 1873 per
1194 1826 1289 1861 hunc
1312 1826 1509 1861 Dominum
1536 1824 1649 1858 lesum
1674 1822 1856 1857 Christum
1881 1824 1993 1857 filium
2018 1821 2098 1863 Dei,

1107 1892 1172 1913 nos
1198 1877 1329 1912 habere
1353 1876 1596 1910 remissionem
1619 1881 1840 1919 peccatorum
1859 1886 1920 1918 per
1936 1871 2041 1906 fidem
2061 1873 2098 1905 in

1107 1931 1236 1974 ipsum,
1263 1939 1336 1962 non
1350 1927 1481 1961 nostris
1499 1926 1646 1968 meritis,
1674 1937 1748 1958 non
1759 1924 1879 1958 Missis
1897 1924 2097 1958 idololatri-

1107 1982 1177 2022 cis‚
1203 1991 1278 2013 non
1299 1979 1427 2012 ritibus
1446 1977 1674 2017 Monasticis‚
1699 1983 1759 2010 aut
1782 1977 1859 2010 aliis
1877 1976 2096 2021 quibuscun-

1106 2044 1174 2078 que
1192 2030 1370 2075 operibus.

1210 2081 1262 2115 Ac
1277 2079 1481 2123 intelligunt
1493 2078 1570 2123 piae
1579 2085 1724 2119 mentes,
1754 2077 1844 2112 hanc
1858 2078 1967 2123 ipsam
1978 2074 2097 2109 Evan-

1106 2133 1189 2177 gelii
1211 2144 1331 2165 vocem
1355 2142 1430 2164 non
1446 2141 1518 2164 esse
1535 2129 1702 2164 incertam
1722 2138 1780 2164 aut
1799 2131 1995 2163 obscuram.
2051 2124 2097 2159 Et

1105 2191 1156 2217 est
1173 2182 1516 2222 manifestissimum,
1544 2181 1697 2227 praecipi
1717 2181 1838 2220 nobis,
1865 2186 1903 2213 ut
1922 2177 2004 2212 huic
2021 2175 2094 2209 Do-

1105 2235 1205 2268 mino
1229 2240 1350 2267 nostro
1367 2232 1446 2266 Iesu
1459 2230 1602 2266 Christo
1627 2232 1826 2268 credamus,
1854 2238 1887 2263 et
1913 2235 2007 2262 certo
2026 2235 2095 2261 sta-

1104 2294 1258 2327 tuamUS,
1284 2285 1402 2319 Deum
1421 2295 1483 2328 per
1500 2290 1532 2317 et
1543 2290 1685 2328 propter
1696 2280 1790 2315 hunc
1802 2281 1968 2315 dilectum
1982 2279 2093 2312 filium

1104 2343 1197 2371 certo
1221 2335 1400 2370 remittere
1424 2342 1582 2378 peccata,
1611 2340 1644 2367 et
1668 2333 1750 2366 dare
1774 2333 1880 2366 vitam
1908 2338 2093 2365 aeternam.

1105 2388 1156 2422 Ita
1173 2387 1211 2420 in
1225 2386 1430 2420 recitatione
1441 2384 1603 2431 Symboli
1619 2395 1809 2417 asseveras:
1838 2382 1953 2416 Credo
1970 2381 2094 2415 remis-

1105 2439 1239 2473 sionem
1278 2443 1518 2482 peccatorum:
1567 2442 1597 2469 et
1634 2435 1845 2468 nominatim
1878 2432 1943 2467 hoc
1977 2433 2094 2473 cred0,

1103 2489 1347 2524 remissionem
1382 2499 1455 2520 non
1479 2487 1594 2520 solum
1619 2486 1714 2526 aliis,
1757 2487 1814 2519 sed
1840 2483 1929 2518 mihi
1953 2496 2094 2530 quoque

1103 2541 1191 2574 dari.
1260 2540 1447 2572 Asseverat
1488 2538 1580 2571 idem
1620 2545 1653 2571 et
1688 2534 1883 2571 Iohannes·
1908 2535 2091 2581 inquiens:

1102 2591 1174 2635 Qui
1193 2603 1267 2625 non
1285 2589 1393 2624 credit
1408 2587 1501 2628 Deo,
1528 2589 1730 2622 mendacem
1749 2600 1827 2621 eum
1846 2589 1937 2622 fecit.

1205 2641 1434 2676 Manifestum
1470 2640 1577 2683 igitur
1600 2646 1651 2673 est
1672 2651 1710 2672 ac
1736 2640 1926 2673 certissime
1953 2652 2092 2673 verum:

1101 2693 1326 2728 Pontificium
1361 2691 1569 2732 articulum,
1608 2691 1643 2723 in
1670 2703 1739 2736 quo
1765 2691 1939 2725 dubitatio
1964 2691 2093 2725 confir-
