<?xml version="1.0" encoding="UTF-8"?>
<!DOCTYPE html PUBLIC "-//W3C//DTD XHTML 1.0 Transitional//EN"
    "http://www.w3.org/TR/xhtml1/DTD/xhtml1-transitional.dtd">
<html xmlns="http://www.w3.org/1999/xhtml" xml:lang="en" lang="en">
 <head>
  <title>
</title>
<meta http-equiv="Content-Type" content="text/html;charset=utf-8" />
  <meta name='ocr-system' content='tesseract 3.04.00' />
  <meta name='ocr-capabilities' content='ocr_page ocr_carea ocr_par ocr_line ocrx_word'/>
</head>
<body>
  <div class='ocr_page' id='page_1' title='image "./operaquaesupersu14melauoft/operaquaesupersu14melauoft_0272.png"; bbox 0 0 2409 2915; ppageno 0'>
   <div class='ocr_carea' id='block_1_1' title="bbox 297 75 371 113">
    <p class='ocr_par' dir='ltr' id='par_1_1' title="bbox 297 75 371 113">
     <span class='ocr_line' id='line_1_1' title="bbox 297 75 371 113; baseline -0.054 1"><span class='ocrx_word' id='word_1_1' title='bbox 297 75 371 113; x_wconf 75' lang='lat'>527</span> 
     </span>
    </p>
   </div>
   <div class='ocr_carea' id='block_1_2' title="bbox 300 150 1320 601">
    <p class='ocr_par' dir='ltr' id='par_1_2' title="bbox 300 150 1320 601">
     <span class='ocr_line' id='line_1_2' title="bbox 301 150 1319 200; baseline -0.012 -4"><span class='ocrx_word' id='word_1_2' title='bbox 301 162 407 200; x_wconf 87' lang='lat' dir='ltr'>mias,</span> <span class='ocrx_word' id='word_1_3' title='bbox 443 166 475 192; x_wconf 91' lang='lat' dir='ltr'>et</span> <span class='ocrx_word' id='word_1_4' title='bbox 501 157 625 196; x_wconf 85' lang='lat' dir='ltr'>efficit,</span> <span class='ocrx_word' id='word_1_5' title='bbox 652 161 690 189; x_wconf 91' lang='lat' dir='ltr'>ut</span> <span class='ocrx_word' id='word_1_6' title='bbox 715 152 778 188; x_wconf 86' lang='lat' dir='ltr'>hae</span> <span class='ocrx_word' id='word_1_7' title='bbox 803 159 1059 198; x_wconf 79' lang='lat' dir='ltr'>propagentur,</span> <span class='ocrx_word' id='word_1_8' title='bbox 1087 151 1177 186; x_wconf 90' lang='lat' dir='ltr'>sicut</span> <span class='ocrx_word' id='word_1_9' title='bbox 1200 150 1292 185; x_wconf 86' lang='lat' dir='ltr'>Pau·</span> <span class='ocrx_word' id='word_1_10' title='bbox 1316 157 1319 184; x_wconf 64' lang='grc' dir='ltr'>ἲ</span> 
     </span>
     <span class='ocr_line' id='line_1_3' title="bbox 301 200 1292 253; baseline -0.011 -8"><span class='ocrx_word' id='word_1_11' title='bbox 301 214 354 246; x_wconf 89' lang='lat' dir='ltr'>lus</span> <span class='ocrx_word' id='word_1_12' title='bbox 396 208 528 253; x_wconf 88' lang='lat' dir='ltr'>inquit:</span> <span class='ocrx_word' id='word_1_13' title='bbox 579 206 695 240; x_wconf 86' lang='lat' dir='ltr'>Tenet</span> <span class='ocrx_word' id='word_1_14' title='bbox 735 205 889 249; x_wconf 86' lang='lat' dir='ltr'>captivas</span> <span class='ocrx_word' id='word_1_15' title='bbox 925 210 1060 237; x_wconf 83' lang='lat' dir='ltr'><strong>mentes</strong></span> <span class='ocrx_word' id='word_1_16' title='bbox 1094 200 1292 237; x_wconf 87' lang='lat' dir='ltr'>hominum.</span> 
     </span>
     <span class='ocr_line' id='line_1_4' title="bbox 304 254 1319 301; baseline -0.009 -7"><span class='ocrx_word' id='word_1_17' title='bbox 304 262 390 295; x_wconf 83' lang='lat' dir='ltr'>Inde</span> <span class='ocrx_word' id='word_1_18' title='bbox 410 270 540 292; x_wconf 90' lang='lat' dir='ltr'>nomen</span> <span class='ocrx_word' id='word_1_19' title='bbox 559 255 662 291; x_wconf 87' lang='lat' dir='ltr'>habet</span> <span class='ocrx_word' id='word_1_20' title='bbox 682 256 833 297; x_wconf 89' lang='lat' dir='ltr'>diaboli,</span> <span class='ocrx_word' id='word_1_21' title='bbox 860 254 942 301; x_wconf 90' lang='lat' dir='ltr'>quia</span> <span class='ocrx_word' id='word_1_22' title='bbox 962 254 1197 288; x_wconf 87' lang='lat' dir='ltr'>calumniatur</span> <span class='ocrx_word' id='word_1_23' title='bbox 1215 264 1292 286; x_wconf 88' lang='lat' dir='ltr'>ver·</span> <span class='ocrx_word' id='word_1_24' title='bbox 1318 260 1319 272; x_wconf 66' lang='lat'>¹</span> 
     </span>
     <span class='ocr_line' id='line_1_5' title="bbox 300 304 1320 352; baseline -0.009 -7"><span class='ocrx_word' id='word_1_25' title='bbox 300 314 385 345; x_wconf 93' lang='lat' dir='ltr'>bum</span> <span class='ocrx_word' id='word_1_26' title='bbox 409 309 494 350; x_wconf 82' lang='lat' dir='ltr'>Dei,</span> <span class='ocrx_word' id='word_1_27' title='bbox 523 315 556 342; x_wconf 92' lang='lat' dir='ltr'>et</span> <span class='ocrx_word' id='word_1_28' title='bbox 588 308 669 342; x_wconf 87' lang='lat' dir='ltr'>serit</span> <span class='ocrx_word' id='word_1_29' title='bbox 698 307 823 352; x_wconf 72' lang='lat' dir='ltr'>impias</span> <span class='ocrx_word' id='word_1_30' title='bbox 849 305 1047 351; x_wconf 78' lang='lat' dir='ltr'>opiniones.</span> <span class='ocrx_word' id='word_1_31' title='bbox 1101 304 1201 339; x_wconf 80' lang='lat' dir='ltr'><strong>Sicut</strong></span> <span class='ocrx_word' id='word_1_32' title='bbox 1223 311 1293 337; x_wconf 84' lang='lat' dir='ltr'>sta-</span> <span class='ocrx_word' id='word_1_33' title='bbox 1318 310 1320 312; x_wconf 80' lang='grc'>’</span> 
     </span>
     <span class='ocr_line' id='line_1_6' title="bbox 301 354 1295 404; baseline -0.009 -9"><span class='ocrx_word' id='word_1_34' title='bbox 301 363 364 396; x_wconf 91' lang='lat' dir='ltr'>tim</span> <span class='ocrx_word' id='word_1_35' title='bbox 383 361 487 394; x_wconf 90' lang='lat' dir='ltr'>initio</span> <span class='ocrx_word' id='word_1_36' title='bbox 505 360 596 404; x_wconf 87' lang='lat' dir='ltr'>apud</span> <span class='ocrx_word' id='word_1_37' title='bbox 608 358 720 393; x_wconf 88' lang='lat' dir='ltr'>Evam</span> <span class='ocrx_word' id='word_1_38' title='bbox 739 357 975 392; x_wconf 88' lang='lat' dir='ltr'>calumniatus</span> <span class='ocrx_word' id='word_1_39' title='bbox 992 363 1042 390; x_wconf 89' lang='lat' dir='ltr'>est</span> <span class='ocrx_word' id='word_1_40' title='bbox 1057 356 1201 389; x_wconf 90' lang='lat' dir='ltr'>verbum</span> <span class='ocrx_word' id='word_1_41' title='bbox 1213 354 1295 394; x_wconf 90' lang='lat' dir='ltr'>Dei,</span> 
     </span>
     <span class='ocr_line' id='line_1_7' title="bbox 302 405 1292 449; baseline -0.009 -2"><span class='ocrx_word' id='word_1_42' title='bbox 302 421 334 447; x_wconf 91' lang='lat' dir='ltr'>et</span> <span class='ocrx_word' id='word_1_43' title='bbox 354 411 554 446; x_wconf 80' lang='lat' dir='ltr'><strong>extenuavit</strong></span> <span class='ocrx_word' id='word_1_44' title='bbox 573 410 647 444; x_wconf 91' lang='lat' dir='ltr'>eius</span> <span class='ocrx_word' id='word_1_45' title='bbox 665 409 888 443; x_wconf 72' lang='lat' dir='ltr'>autoritatem</span> <span class='ocrx_word' id='word_1_46' title='bbox 900 435 908 449; x_wconf 94' lang='lat'>,</span> <span class='ocrx_word' id='word_1_47' title='bbox 936 413 970 441; x_wconf 87' lang='lat' dir='ltr'>et</span> <span class='ocrx_word' id='word_1_48' title='bbox 986 406 1113 440; x_wconf 87' lang='lat' dir='ltr'>exemit</span> <span class='ocrx_word' id='word_1_49' title='bbox 1129 405 1223 439; x_wconf 86' lang='lat' dir='ltr'>Evae</span> <span class='ocrx_word' id='word_1_50' title='bbox 1241 417 1292 438; x_wconf 90' lang='lat' dir='ltr'>re-</span> 
     </span>
     <span class='ocr_line' id='line_1_8' title="bbox 302 455 1295 505; baseline -0.009 -8"><span class='ocrx_word' id='word_1_51' title='bbox 302 463 495 497; x_wconf 77' lang='lat' dir='ltr'>verentiam</span> <span class='ocrx_word' id='word_1_52' title='bbox 530 473 609 505; x_wconf 82' lang='lat' dir='ltr'>erga</span> <span class='ocrx_word' id='word_1_53' title='bbox 642 461 789 493; x_wconf 90' lang='lat' dir='ltr'>verbum</span> <span class='ocrx_word' id='word_1_54' title='bbox 820 458 898 491; x_wconf 92' lang='lat' dir='ltr'>Dei.</span> <span class='ocrx_word' id='word_1_55' title='bbox 950 455 1090 492; x_wconf 86' lang='lat' dir='ltr'>Excitat</span> <span class='ocrx_word' id='word_1_56' title='bbox 1120 457 1227 500; x_wconf 84' lang='lat' dir='ltr'>igitur</span> <span class='ocrx_word' id='word_1_57' title='bbox 1259 456 1295 488; x_wconf 89' lang='lat' dir='ltr'>in</span> 
     </span>
     <span class='ocr_line' id='line_1_9' title="bbox 303 506 1181 555; baseline -0.01 -6"><span class='ocrx_word' id='word_1_58' title='bbox 303 513 478 553; x_wconf 78' lang='lat' dir='ltr'>Ecclesia,</span> <span class='ocrx_word' id='word_1_59' title='bbox 505 519 537 546; x_wconf 88' lang='lat' dir='ltr'>et</span> <span class='ocrx_word' id='word_1_60' title='bbox 557 518 657 555; x_wconf 81' lang='lat' dir='ltr'>auget</span> <span class='ocrx_word' id='word_1_61' title='bbox 673 512 758 543; x_wconf 86' lang='lat' dir='ltr'>falsa</span> <span class='ocrx_word' id='word_1_62' title='bbox 775 511 938 553; x_wconf 81' lang='lat' dir='ltr'>dogmata</span> <span class='ocrx_word' id='word_1_63' title='bbox 959 515 992 543; x_wconf 87' lang='lat' dir='ltr'>et</span> <span class='ocrx_word' id='word_1_64' title='bbox 1009 506 1181 543; x_wconf 81' lang='lat' dir='ltr'>haereses.</span> 
     </span>
     <span class='ocr_line' id='line_1_10' title="bbox 406 556 1296 601; baseline -0.009 -4"><span class='ocrx_word' id='word_1_65' title='bbox 406 564 544 598; x_wconf 87' lang='lat' dir='ltr'>Deinde</span> <span class='ocrx_word' id='word_1_66' title='bbox 573 559 750 594; x_wconf 85' lang='lat' dir='ltr'>homicida</span> <span class='ocrx_word' id='word_1_67' title='bbox 769 567 838 601; x_wconf 88' lang='lat' dir='ltr'>est,</span> <span class='ocrx_word' id='word_1_68' title='bbox 866 560 903 594; x_wconf 93' lang='lat' dir='ltr'>id</span> <span class='ocrx_word' id='word_1_69' title='bbox 923 566 990 600; x_wconf 85' lang='lat' dir='ltr'>est,</span> <span class='ocrx_word' id='word_1_70' title='bbox 1016 559 1162 593; x_wconf 88' lang='lat' dir='ltr'>molitur</span> <span class='ocrx_word' id='word_1_71' title='bbox 1180 556 1296 591; x_wconf 82' lang='lat' dir='ltr'>homi-</span> 
     </span>
    </p>
   </div>
   <div class='ocr_carea' id='block_1_3' title="bbox 303 606 1325 702">
    <p class='ocr_par' dir='ltr' id='par_1_3' title="bbox 303 606 1325 702">
     <span class='ocr_line' id='line_1_11' title="bbox 303 606 1324 658; baseline -0.01 -8"><span class='ocrx_word' id='word_1_72' title='bbox 303 617 427 650; x_wconf 87' lang='lat' dir='ltr'>nibus:</span> <span class='ocrx_word' id='word_1_73' title='bbox 455 614 536 658; x_wconf 89' lang='lat' dir='ltr'>quia</span> <span class='ocrx_word' id='word_1_74' title='bbox 562 612 656 645; x_wconf 88' lang='lat' dir='ltr'>enim</span> <span class='ocrx_word' id='word_1_75' title='bbox 675 623 811 646; x_wconf 89' lang='lat' dir='ltr'>summa</span> <span class='ocrx_word' id='word_1_76' title='bbox 836 618 886 645; x_wconf 90' lang='lat' dir='ltr'>est</span> <span class='ocrx_word' id='word_1_77' title='bbox 909 611 1080 644; x_wconf 84' lang='lat' dir='ltr'>acerbitas</span> <span class='ocrx_word' id='word_1_78' title='bbox 1097 610 1170 643; x_wconf 88' lang='lat' dir='ltr'>odii</span> <span class='ocrx_word' id='word_1_79' title='bbox 1188 609 1297 653; x_wconf 88' lang='lat' dir='ltr'>ipsius</span> <span class='ocrx_word' id='word_1_80' title='bbox 1322 606 1324 616; x_wconf 91' lang='lat'>&#39;</span> 
     </span>
     <span class='ocr_line' id='line_1_12' title="bbox 304 658 1325 702; baseline -0.007 -3"><span class='ocrx_word' id='word_1_81' title='bbox 304 668 473 700; x_wconf 77' lang='lat' dir='ltr'>adversus</span> <span class='ocrx_word' id='word_1_82' title='bbox 498 662 635 702; x_wconf 88' lang='lat' dir='ltr'>Deum,</span> <span class='ocrx_word' id='word_1_83' title='bbox 662 663 742 696; x_wconf 89' lang='lat' dir='ltr'>ideo</span> <span class='ocrx_word' id='word_1_84' title='bbox 769 668 919 696; x_wconf 86' lang='lat' dir='ltr'>conatur</span> <span class='ocrx_word' id='word_1_85' title='bbox 942 673 1067 695; x_wconf 88' lang='lat' dir='ltr'>nocere</span> <span class='ocrx_word' id='word_1_86' title='bbox 1091 658 1297 694; x_wconf 87' lang='lat' dir='ltr'>hominibus</span> <span class='ocrx_word' id='word_1_87' title='bbox 1322 662 1325 671; x_wconf 87' lang='lat'>&#39;</span> 
     </span>
    </p>
   </div>
   <div class='ocr_carea' id='block_1_4' title="bbox 304 711 1301 1363">
    <p class='ocr_par' dir='ltr' id='par_1_4' title="bbox 304 711 1301 1264">
     <span class='ocr_line' id='line_1_13' title="bbox 304 711 1297 760; baseline -0.008 -9"><span class='ocrx_word' id='word_1_88' title='bbox 304 730 343 751; x_wconf 90' lang='lat' dir='ltr'>ac</span> <span class='ocrx_word' id='word_1_89' title='bbox 367 714 571 760; x_wconf 87' lang='lat' dir='ltr'>praesertim</span> <span class='ocrx_word' id='word_1_90' title='bbox 597 711 796 755; x_wconf 83' lang='lat' dir='ltr'>Ecclesiae,</span> <span class='ocrx_word' id='word_1_91' title='bbox 828 720 867 747; x_wconf 91' lang='lat' dir='ltr'>ut</span> <span class='ocrx_word' id='word_1_92' title='bbox 889 713 1024 757; x_wconf 88' lang='lat' dir='ltr'>expleat</span> <span class='ocrx_word' id='word_1_93' title='bbox 1048 712 1169 746; x_wconf 91' lang='lat' dir='ltr'>odium</span> <span class='ocrx_word' id='word_1_94' title='bbox 1195 722 1297 744; x_wconf 89' lang='lat' dir='ltr'>suum</span> 
     </span>
     <span class='ocr_line' id='line_1_14' title="bbox 304 762 1298 811; baseline -0.009 -10"><span class='ocrx_word' id='word_1_95' title='bbox 304 769 473 802; x_wconf 86' lang='lat' dir='ltr'>adversus</span> <span class='ocrx_word' id='word_1_96' title='bbox 490 765 616 799; x_wconf 91' lang='lat' dir='ltr'>Deum.</span> <span class='ocrx_word' id='word_1_97' title='bbox 670 763 824 798; x_wconf 89' lang='lat' dir='ltr'>Molitur</span> <span class='ocrx_word' id='word_1_98' title='bbox 846 763 991 797; x_wconf 85' lang='lat' dir='ltr'>exitium</span> <span class='ocrx_word' id='word_1_99' title='bbox 1015 763 1173 811; x_wconf 84' lang='lat' dir='ltr'>privatae</span> <span class='ocrx_word' id='word_1_100' title='bbox 1197 762 1298 801; x_wconf 74' lang='lat' dir='ltr'>vitae,</span> 
     </span>
     <span class='ocr_line' id='line_1_15' title="bbox 304 812 1299 860; baseline -0.01 -7"><span class='ocrx_word' id='word_1_101' title='bbox 304 818 430 860; x_wconf 80' lang='lat' dir='ltr'>affligit</span> <span class='ocrx_word' id='word_1_102' title='bbox 457 815 716 857; x_wconf 86' lang='lat' dir='ltr'>valetudinem,</span> <span class='ocrx_word' id='word_1_103' title='bbox 744 815 856 849; x_wconf 85' lang='lat' dir='ltr'>inficit</span> <span class='ocrx_word' id='word_1_104' title='bbox 879 814 1014 854; x_wconf 67' lang='lat' dir='ltr'>aerem,</span> <span class='ocrx_word' id='word_1_105' title='bbox 1040 813 1165 847; x_wconf 85' lang='lat' dir='ltr'>excitat</span> <span class='ocrx_word' id='word_1_106' title='bbox 1191 812 1299 844; x_wconf 89' lang='lat' dir='ltr'>malas</span> 
     </span>
     <span class='ocr_line' id='line_1_16' title="bbox 305 864 1298 912; baseline -0.01 -8"><span class='ocrx_word' id='word_1_107' title='bbox 305 874 546 912; x_wconf 84' lang='lat' dir='ltr'>tempestates,</span> <span class='ocrx_word' id='word_1_108' title='bbox 572 867 684 900; x_wconf 86' lang='lat' dir='ltr'>adfert</span> <span class='ocrx_word' id='word_1_109' title='bbox 702 867 855 905; x_wconf 80' lang='lat' dir='ltr'>morbos,</span> <span class='ocrx_word' id='word_1_110' title='bbox 884 864 1111 907; x_wconf 86' lang='lat' dir='ltr'>pestilentias,</span> <span class='ocrx_word' id='word_1_111' title='bbox 1140 874 1298 896; x_wconf 88' lang='lat' dir='ltr'>corrum-</span> 
     </span>
     <span class='ocr_line' id='line_1_17' title="bbox 305 910 1300 965; baseline -0.007 -12"><span class='ocrx_word' id='word_1_112' title='bbox 305 921 357 965; x_wconf 88' lang='lat' dir='ltr'>pit</span> <span class='ocrx_word' id='word_1_113' title='bbox 379 930 433 952; x_wconf 91' lang='lat' dir='ltr'>res</span> <span class='ocrx_word' id='word_1_114' title='bbox 454 923 655 957; x_wconf 82' lang='lat' dir='ltr'>nascentes,</span> <span class='ocrx_word' id='word_1_115' title='bbox 692 915 844 960; x_wconf 86' lang='lat' dir='ltr'>impellit</span> <span class='ocrx_word' id='word_1_116' title='bbox 868 915 910 947; x_wconf 89' lang='lat' dir='ltr'>ad</span> <span class='ocrx_word' id='word_1_117' title='bbox 939 913 1092 956; x_wconf 85' lang='lat' dir='ltr'>flagitia,</span> <span class='ocrx_word' id='word_1_118' title='bbox 1126 910 1300 956; x_wconf 87' lang='lat' dir='ltr'>pertrahit</span> 
     </span>
     <span class='ocr_line' id='line_1_18' title="bbox 305 963 1299 1014; baseline -0.007 -10"><span class='ocrx_word' id='word_1_119' title='bbox 305 973 343 1004; x_wconf 89' lang='lat' dir='ltr'>in</span> <span class='ocrx_word' id='word_1_120' title='bbox 369 981 474 1014; x_wconf 89' lang='lat' dir='ltr'>prava</span> <span class='ocrx_word' id='word_1_121' title='bbox 498 967 673 1001; x_wconf 87' lang='lat' dir='ltr'>sodalitia.</span> <span class='ocrx_word' id='word_1_122' title='bbox 725 966 864 1000; x_wconf 91' lang='lat' dir='ltr'>Deinde</span> <span class='ocrx_word' id='word_1_123' title='bbox 888 965 993 998; x_wconf 91' lang='lat' dir='ltr'>etiam</span> <span class='ocrx_word' id='word_1_124' title='bbox 1016 964 1053 997; x_wconf 91' lang='lat' dir='ltr'>in</span> <span class='ocrx_word' id='word_1_125' title='bbox 1070 964 1140 996; x_wconf 90' lang='lat' dir='ltr'>vita</span> <span class='ocrx_word' id='word_1_126' title='bbox 1158 963 1299 1008; x_wconf 84' lang='lat' dir='ltr'>politica</span> 
     </span>
     <span class='ocr_line' id='line_1_19' title="bbox 306 1012 1301 1061; baseline -0.008 -6"><span class='ocrx_word' id='word_1_127' title='bbox 306 1027 427 1061; x_wconf 85' lang='lat' dir='ltr'>nocet,</span> <span class='ocrx_word' id='word_1_128' title='bbox 463 1018 589 1052; x_wconf 81' lang='lat' dir='ltr'>excitat</span> <span class='ocrx_word' id='word_1_129' title='bbox 621 1017 864 1051; x_wconf 81' lang='lat' dir='ltr'>crudelitatem</span> <span class='ocrx_word' id='word_1_130' title='bbox 896 1016 1063 1049; x_wconf 84' lang='lat' dir='ltr'>adversus</span> <span class='ocrx_word' id='word_1_131' title='bbox 1096 1012 1301 1054; x_wconf 88' lang='lat' dir='ltr'>Ecclesiam,</span> 
     </span>
     <span class='ocr_line' id='line_1_20' title="bbox 306 1065 1297 1114; baseline -0.009 -8"><span class='ocrx_word' id='word_1_132' title='bbox 306 1072 431 1106; x_wconf 88' lang='lat' dir='ltr'>excitat</span> <span class='ocrx_word' id='word_1_133' title='bbox 460 1076 650 1114; x_wconf 87' lang='lat' dir='ltr'>tyrannos,</span> <span class='ocrx_word' id='word_1_134' title='bbox 686 1075 726 1102; x_wconf 91' lang='lat' dir='ltr'>ut</span> <span class='ocrx_word' id='word_1_135' title='bbox 759 1067 950 1101; x_wconf 86' lang='lat' dir='ltr'>dilacerent</span> <span class='ocrx_word' id='word_1_136' title='bbox 974 1065 1133 1111; x_wconf 80' lang='lat' dir='ltr'>Respub.</span> <span class='ocrx_word' id='word_1_137' title='bbox 1162 1072 1201 1099; x_wconf 89' lang='lat' dir='ltr'>ut</span> <span class='ocrx_word' id='word_1_138' title='bbox 1226 1077 1297 1098; x_wconf 89' lang='lat' dir='ltr'>sae—</span> 
     </span>
     <span class='ocr_line' id='line_1_21' title="bbox 307 1116 1299 1160; baseline -0.007 -4"><span class='ocrx_word' id='word_1_139' title='bbox 307 1123 406 1156; x_wconf 76' lang='lat' dir='ltr'>viant</span> <span class='ocrx_word' id='word_1_140' title='bbox 432 1121 468 1153; x_wconf 83' lang='lat' dir='ltr'>in</span> <span class='ocrx_word' id='word_1_141' title='bbox 497 1120 722 1160; x_wconf 89' lang='lat' dir='ltr'>innocentes,</span> <span class='ocrx_word' id='word_1_142' title='bbox 754 1125 794 1153; x_wconf 89' lang='lat' dir='ltr'>ut</span> <span class='ocrx_word' id='word_1_143' title='bbox 820 1124 984 1152; x_wconf 89' lang='lat' dir='ltr'>moveant</span> <span class='ocrx_word' id='word_1_144' title='bbox 1008 1129 1080 1150; x_wconf 92' lang='lat' dir='ltr'>non</span> <span class='ocrx_word' id='word_1_145' title='bbox 1106 1116 1299 1150; x_wconf 87' lang='lat' dir='ltr'>necessaria</span> 
     </span>
     <span class='ocr_line' id='line_1_22' title="bbox 306 1168 1301 1215; baseline -0.007 -8"><span class='ocrx_word' id='word_1_146' title='bbox 306 1173 413 1207; x_wconf 89' lang='lat' dir='ltr'>bella:</span> <span class='ocrx_word' id='word_1_147' title='bbox 459 1171 655 1204; x_wconf 83' lang='lat' dir='ltr'>inflammat</span> <span class='ocrx_word' id='word_1_148' title='bbox 686 1169 847 1215; x_wconf 88' lang='lat' dir='ltr'>inquieta</span> <span class='ocrx_word' id='word_1_149' title='bbox 875 1169 1015 1212; x_wconf 83' lang='lat' dir='ltr'>ingenia</span> <span class='ocrx_word' id='word_1_150' title='bbox 1040 1169 1083 1202; x_wconf 90' lang='lat' dir='ltr'>ad</span> <span class='ocrx_word' id='word_1_151' title='bbox 1108 1168 1301 1202; x_wconf 89' lang='lat' dir='ltr'>movendas</span> 
     </span>
     <span class='ocr_line' id='line_1_23' title="bbox 309 1219 1054 1264; baseline -0.004 -6"><span class='ocrx_word' id='word_1_152' title='bbox 309 1223 517 1259; x_wconf 86' lang='lat' dir='ltr'>seditiones,</span> <span class='ocrx_word' id='word_1_153' title='bbox 546 1227 578 1254; x_wconf 89' lang='lat' dir='ltr'>et</span> <span class='ocrx_word' id='word_1_154' title='bbox 596 1221 790 1255; x_wconf 86' lang='lat' dir='ltr'>turbandas</span> <span class='ocrx_word' id='word_1_155' title='bbox 809 1219 1054 1264; x_wconf 79' lang='lat' dir='ltr'>Respublicas.</span> 
     </span>
    </p>

    <p class='ocr_par' dir='ltr' id='par_1_5' title="bbox 310 1271 1300 1363">
     <span class='ocr_line' id='line_1_24' title="bbox 410 1271 1300 1315; baseline -0.004 -9"><span class='ocrx_word' id='word_1_156' title='bbox 410 1271 565 1307; x_wconf 81' lang='lat' dir='ltr'>Econtra</span> <span class='ocrx_word' id='word_1_157' title='bbox 603 1273 779 1306; x_wconf 89' lang='lat' dir='ltr'>bonorum</span> <span class='ocrx_word' id='word_1_158' title='bbox 820 1271 1026 1315; x_wconf 87' lang='lat' dir='ltr'>angelorum</span> <span class='ocrx_word' id='word_1_159' title='bbox 1062 1271 1174 1303; x_wconf 80' lang='lat' dir='ltr'>officia</span> <span class='ocrx_word' id='word_1_160' title='bbox 1208 1275 1300 1302; x_wconf 90' lang='lat' dir='ltr'>sunt.</span> 
     </span>
     <span class='ocr_line' id='line_1_25' title="bbox 310 1320 1300 1363; baseline -0.01 -4"><span class='ocrx_word' id='word_1_161' title='bbox 310 1325 470 1359; x_wconf 84' lang='lat' dir='ltr'>Primum</span> <span class='ocrx_word' id='word_1_162' title='bbox 505 1334 643 1356; x_wconf 89' lang='lat' dir='ltr'>veraces</span> <span class='ocrx_word' id='word_1_163' title='bbox 675 1329 775 1363; x_wconf 90' lang='lat' dir='ltr'>sunt,</span> <span class='ocrx_word' id='word_1_164' title='bbox 811 1320 877 1355; x_wconf 84' lang='lat' dir='ltr'>hoc</span> <span class='ocrx_word' id='word_1_165' title='bbox 907 1329 975 1363; x_wconf 85' lang='lat' dir='ltr'>est,</span> <span class='ocrx_word' id='word_1_166' title='bbox 1009 1328 1128 1354; x_wconf 85' lang='lat' dir='ltr'>amant</span> <span class='ocrx_word' id='word_1_167' title='bbox 1152 1321 1300 1361; x_wconf 75' lang='lat' dir='ltr'>gloriam</span> 
     </span>
    </p>
   </div>
   <div class='ocr_carea' id='block_1_5' title="bbox 310 1368 1329 1415">
    <p class='ocr_par' dir='ltr' id='par_1_6' title="bbox 310 1368 1329 1415">
     <span class='ocr_line' id='line_1_26' title="bbox 310 1368 1329 1415; baseline -0.01 -5"><span class='ocrx_word' id='word_1_168' title='bbox 310 1376 395 1415; x_wconf 93' lang='lat' dir='ltr'>Dei,</span> <span class='ocrx_word' id='word_1_169' title='bbox 427 1381 459 1408; x_wconf 92' lang='lat' dir='ltr'>et</span> <span class='ocrx_word' id='word_1_170' title='bbox 490 1385 607 1406; x_wconf 85' lang='lat' dir='ltr'>veram</span> <span class='ocrx_word' id='word_1_171' title='bbox 640 1374 853 1407; x_wconf 87' lang='lat' dir='ltr'>doctrinam:</span> <span class='ocrx_word' id='word_1_172' title='bbox 898 1373 978 1406; x_wconf 88' lang='lat' dir='ltr'>ideo</span> <span class='ocrx_word' id='word_1_173' title='bbox 1010 1375 1220 1414; x_wconf 88' lang='lat' dir='ltr'>promovent</span> <span class='ocrx_word' id='word_1_174' title='bbox 1245 1368 1329 1415; x_wconf 47' lang='lat' dir='ltr'>pia}</span> 
     </span>
    </p>
   </div>
   <div class='ocr_carea' id='block_1_6' title="bbox 310 1421 1302 1561">
    <p class='ocr_par' dir='ltr' id='par_1_7' title="bbox 310 1421 1302 1561">
     <span class='ocr_line' id='line_1_27' title="bbox 310 1421 1302 1468; baseline -0.008 -9"><span class='ocrx_word' id='word_1_175' title='bbox 310 1426 447 1463; x_wconf 86' lang='lat' dir='ltr'>studia,</span> <span class='ocrx_word' id='word_1_176' title='bbox 475 1431 508 1458; x_wconf 89' lang='lat' dir='ltr'>et</span> <span class='ocrx_word' id='word_1_177' title='bbox 533 1425 730 1468; x_wconf 88' lang='lat' dir='ltr'>reprimunt</span> <span class='ocrx_word' id='word_1_178' title='bbox 754 1423 954 1462; x_wconf 88' lang='lat' dir='ltr'>diabolum,</span> <span class='ocrx_word' id='word_1_179' title='bbox 983 1428 1017 1454; x_wconf 91' lang='lat' dir='ltr'>et</span> <span class='ocrx_word' id='word_1_180' title='bbox 1041 1421 1168 1464; x_wconf 88' lang='lat' dir='ltr'>impios</span> <span class='ocrx_word' id='word_1_181' title='bbox 1185 1431 1302 1452; x_wconf 89' lang='lat' dir='ltr'>seren-</span> 
     </span>
     <span class='ocr_line' id='line_1_28' title="bbox 310 1467 1300 1518; baseline -0.008 -8"><span class='ocrx_word' id='word_1_182' title='bbox 310 1489 362 1510; x_wconf 87' lang='lat' dir='ltr'>ses</span> <span class='ocrx_word' id='word_1_183' title='bbox 384 1475 471 1508; x_wconf 84' lang='lat' dir='ltr'>mala</span> <span class='ocrx_word' id='word_1_184' title='bbox 493 1476 674 1518; x_wconf 78' lang='lat' dir='ltr'>dogmata,</span> <span class='ocrx_word' id='word_1_185' title='bbox 701 1475 789 1508; x_wconf 87' lang='lat' dir='ltr'>sicut</span> <span class='ocrx_word' id='word_1_186' title='bbox 809 1474 1059 1507; x_wconf 83' lang='lat' dir='ltr'>interfecerunt</span> <span class='ocrx_word' id='word_1_187' title='bbox 1077 1467 1300 1504; x_wconf 82' lang='lat' dir='ltr'>Cerinthum.</span> 
     </span>
     <span class='ocr_line' id='line_1_29' title="bbox 313 1520 1302 1561; baseline -0.009 0"><span class='ocrx_word' id='word_1_188' title='bbox 313 1527 399 1561; x_wconf 83' lang='lat' dir='ltr'>Item</span> <span class='ocrx_word' id='word_1_189' title='bbox 425 1531 507 1558; x_wconf 87' lang='lat' dir='ltr'>sunt</span> <span class='ocrx_word' id='word_1_190' title='bbox 529 1525 683 1558; x_wconf 88' lang='lat' dir='ltr'>ministri</span> <span class='ocrx_word' id='word_1_191' title='bbox 709 1525 749 1556; x_wconf 88' lang='lat' dir='ltr'>ad</span> <span class='ocrx_word' id='word_1_192' title='bbox 771 1524 1021 1561; x_wconf 77' lang='lat' dir='ltr'>revelationes,</span> <span class='ocrx_word' id='word_1_193' title='bbox 1049 1523 1137 1556; x_wconf 88' lang='lat' dir='ltr'>sicut</span> <span class='ocrx_word' id='word_1_194' title='bbox 1155 1520 1302 1554; x_wconf 85' lang='lat' dir='ltr'>Gabriel</span> 
     </span>
    </p>
   </div>
   <div class='ocr_carea' id='block_1_7' title="bbox 897 42 1731 104">
    <p class='ocr_par' dir='ltr' id='par_1_8' title="bbox 897 42 1731 104">
     <span class='ocr_line' id='line_1_30' title="bbox 897 42 1731 104; baseline 0.001 -3"><span class='ocrx_word' id='word_1_195' title='bbox 897 66 1024 104; x_wconf 85' lang='lat' dir='ltr'>PHlL.</span> <span class='ocrx_word' id='word_1_196' title='bbox 1052 64 1168 101; x_wconf 69' lang='lat' dir='ltr'>Man.</span> <span class='ocrx_word' id='word_1_197' title='bbox 1193 42 1403 102; x_wconf 64' lang='lat' dir='ltr'>semem</span> <span class='ocrx_word' id='word_1_198' title='bbox 1430 65 1731 103; x_wconf 76' lang='lat' dir='ltr'>EXEGETmA.</span> 
     </span>
    </p>
   </div>
   <div class='ocr_carea' id='block_1_8' title="bbox 1320 273 1331 1594">
    <p class='ocr_par' dir='ltr' id='par_1_9' title="bbox 1320 273 1331 1594">
     <span class='ocr_line' id='line_1_31' title="bbox 1320 273 1331 1594; baseline 0 0"><span class='ocrx_word' id='word_1_199' title='bbox 1320 273 1331 1594; x_wconf 95' lang='lat' dir='ltr'> </span> 
     </span>
    </p>
   </div>
   <div class='ocr_carea' id='block_1_9' title="bbox 310 1572 1302 1723">
    <p class='ocr_par' dir='ltr' id='par_1_10' title="bbox 310 1572 1329 1723">
     <span class='ocr_line' id='line_1_32' title="bbox 310 1572 1302 1618; baseline -0.007 -8"><span class='ocrx_word' id='word_1_200' title='bbox 310 1578 463 1610; x_wconf 81' lang='lat' dir='ltr'>mittitur</span> <span class='ocrx_word' id='word_1_201' title='bbox 493 1576 534 1607; x_wconf 89' lang='lat' dir='ltr'>ad</span> <span class='ocrx_word' id='word_1_202' title='bbox 568 1575 740 1618; x_wconf 78' lang='lat' dir='ltr'>virginem</span> <span class='ocrx_word' id='word_1_203' title='bbox 769 1573 932 1608; x_wconf 85' lang='lat' dir='ltr'>Mariam.</span> <span class='ocrx_word' id='word_1_204' title='bbox 988 1572 1073 1606; x_wconf 86' lang='lat' dir='ltr'>Item</span> <span class='ocrx_word' id='word_1_205' title='bbox 1106 1579 1208 1605; x_wconf 91' lang='lat' dir='ltr'>orant</span> <span class='ocrx_word' id='word_1_206' title='bbox 1239 1583 1302 1614; x_wconf 91' lang='lat' dir='ltr'>pro</span> 
     </span>
     <span class='ocr_line' id='line_1_33' title="bbox 312 1623 1302 1668; baseline -0.007 -7"><span class='ocrx_word' id='word_1_207' title='bbox 312 1627 465 1661; x_wconf 83' lang='lat' dir='ltr'>Ecclesia</span> <span class='ocrx_word' id='word_1_208' title='bbox 479 1653 487 1667; x_wconf 92' lang='lat'>‚</span> <span class='ocrx_word' id='word_1_209' title='bbox 514 1626 608 1662; x_wconf 80' lang='lat' dir='ltr'>iuxta</span> <span class='ocrx_word' id='word_1_210' title='bbox 628 1626 733 1659; x_wconf 87' lang='lat' dir='ltr'>illud:</span> <span class='ocrx_word' id='word_1_211' title='bbox 761 1624 888 1668; x_wconf 84' lang='lat' dir='ltr'>Angeli</span> <span class='ocrx_word' id='word_1_212' title='bbox 905 1636 1026 1658; x_wconf 90' lang='lat' dir='ltr'>eorum</span> <span class='ocrx_word' id='word_1_213' title='bbox 1043 1624 1163 1657; x_wconf 89' lang='lat' dir='ltr'>vident</span> <span class='ocrx_word' id='word_1_214' title='bbox 1180 1623 1302 1656; x_wconf 86' lang='lat' dir='ltr'>sacicm</span> 
     </span>
     <span class='ocr_line' id='line_1_34' title="bbox 314 1686 590 1723; baseline 0.004 -13"><span class='ocrx_word' id='word_1_215' title='bbox 314 1686 420 1723; x_wconf 84' lang='lat' dir='ltr'>patris</span> <span class='ocrx_word' id='word_1_216' title='bbox 443 1689 508 1710; x_wconf 85' lang='lat' dir='ltr'>mei</span> <span class='ocrx_word' id='word_1_217' title='bbox 529 1686 590 1713; x_wconf 85' lang='lat' dir='ltr'>etc.</span> 
     </span>
    </p>
   </div>
   <div class='ocr_carea' id='block_1_10' title="bbox 2255 71 2330 109">
    <p class='ocr_par' dir='ltr' id='par_1_11' title="bbox 2255 71 2330 109">
     <span class='ocr_line' id='line_1_35' title="bbox 2255 71 2330 109; baseline -0.027 0"><span class='ocrx_word' id='word_1_218' title='bbox 2255 71 2330 109; x_wconf 74' lang='lat'>528</span> 
     </span>
    </p>
   </div>
   <div class='ocr_carea' id='block_1_11' title="bbox 1345 149 2397 654">
    <p class='ocr_par' dir='ltr' id='par_1_12' title="bbox 1345 149 2397 654">
     <span class='ocr_line' id='line_1_36' title="bbox 1445 149 2332 191; baseline 0.003 -5"><span class='ocrx_word' id='word_1_219' title='bbox 1445 151 1583 186; x_wconf 89' lang='lat' dir='ltr'>Deinde</span> <span class='ocrx_word' id='word_1_220' title='bbox 1614 159 1697 186; x_wconf 89' lang='lat' dir='ltr'>sunt</span> <span class='ocrx_word' id='word_1_221' title='bbox 1729 152 1890 186; x_wconf 86' lang='lat' dir='ltr'>custodes</span> <span class='ocrx_word' id='word_1_222' title='bbox 1921 149 2112 186; x_wconf 81' lang='lat' dir='ltr'>Ecclesiae.</span> <span class='ocrx_word' id='word_1_223' title='bbox 2175 152 2332 191; x_wconf 85' lang='lat' dir='ltr'>Primum</span> 
     </span>
     <span class='ocr_line' id='line_1_37' title="bbox 1346 202 2333 250; baseline 0 -14"><span class='ocrx_word' id='word_1_224' title='bbox 1346 203 1544 248; x_wconf 90' lang='lat' dir='ltr'>impediunt</span> <span class='ocrx_word' id='word_1_225' title='bbox 1559 210 1742 249; x_wconf 85' lang='lat' dir='ltr'>tyrannos,</span> <span class='ocrx_word' id='word_1_226' title='bbox 1770 209 1802 236; x_wconf 86' lang='lat' dir='ltr'>ct</span> <span class='ocrx_word' id='word_1_227' title='bbox 1819 202 1967 237; x_wconf 85' lang='lat' dir='ltr'>consilia</span> <span class='ocrx_word' id='word_1_228' title='bbox 1983 203 2236 250; x_wconf 86' lang='lat' dir='ltr'>persecutionis</span> <span class='ocrx_word' id='word_1_229' title='bbox 2249 218 2333 241; x_wconf 85' lang='lat' dir='ltr'>con-</span> 
     </span>
     <span class='ocr_line' id='line_1_38' title="bbox 1346 251 2334 297; baseline 0.004 -9"><span class='ocrx_word' id='word_1_230' title='bbox 1346 261 1398 288; x_wconf 84' lang='lat' dir='ltr'>tra</span> <span class='ocrx_word' id='word_1_231' title='bbox 1422 252 1636 293; x_wconf 81' lang='lat' dir='ltr'>Ecclesiam,</span> <span class='ocrx_word' id='word_1_232' title='bbox 1671 255 1760 288; x_wconf 89' lang='lat' dir='ltr'>sicut</span> <span class='ocrx_word' id='word_1_233' title='bbox 1790 261 1964 288; x_wconf 87' lang='lat' dir='ltr'>testantur</span> <span class='ocrx_word' id='word_1_234' title='bbox 1996 253 2127 287; x_wconf 90' lang='lat' dir='ltr'>multae</span> <span class='ocrx_word' id='word_1_235' title='bbox 2158 251 2334 297; x_wconf 83' lang='lat' dir='ltr'>historiae.</span> 
     </span>
     <span class='ocr_line' id='line_1_39' title="bbox 1345 302 2336 350; baseline 0.005 -13"><span class='ocrx_word' id='word_1_236' title='bbox 1345 302 1508 338; x_wconf 87' lang='lat' dir='ltr'>Elisaeus</span> <span class='ocrx_word' id='word_1_237' title='bbox 1540 305 1676 350; x_wconf 84' lang='lat' dir='ltr'>inquit,</span> <span class='ocrx_word' id='word_1_238' title='bbox 1711 306 1830 349; x_wconf 89' lang='lat' dir='ltr'>plures</span> <span class='ocrx_word' id='word_1_239' title='bbox 1865 311 1944 339; x_wconf 86' lang='lat' dir='ltr'>sunt</span> <span class='ocrx_word' id='word_1_240' title='bbox 1979 304 2180 339; x_wconf 85' lang='lat' dir='ltr'>nobiscum.</span> <span class='ocrx_word' id='word_1_241' title='bbox 2241 304 2336 342; x_wconf 83' lang='lat' dir='ltr'>Idem</span> 
     </span>
     <span class='ocr_line' id='line_1_40' title="bbox 1347 352 2338 400; baseline 0.003 -12"><span class='ocrx_word' id='word_1_242' title='bbox 1347 362 1494 389; x_wconf 82' lang='lat' dir='ltr'>testatur</span> <span class='ocrx_word' id='word_1_243' title='bbox 1524 352 1670 390; x_wconf 85' lang='lat' dir='ltr'>historia</span> <span class='ocrx_word' id='word_1_244' title='bbox 1695 354 1880 389; x_wconf 85' lang='lat' dir='ltr'>Ezechiae.</span> <span class='ocrx_word' id='word_1_245' title='bbox 1934 355 2019 389; x_wconf 89' lang='lat' dir='ltr'>Item</span> <span class='ocrx_word' id='word_1_246' title='bbox 2051 356 2198 400; x_wconf 87' lang='lat' dir='ltr'>angelus</span> <span class='ocrx_word' id='word_1_247' title='bbox 2222 357 2338 392; x_wconf 83' lang='lat' dir='ltr'>educit</span> 
     </span>
     <span class='ocr_line' id='line_1_41' title="bbox 1347 405 2339 450; baseline 0 -10"><span class='ocrx_word' id='word_1_248' title='bbox 1347 406 1490 440; x_wconf 87' lang='lat' dir='ltr'>Petrum</span> <span class='ocrx_word' id='word_1_249' title='bbox 1509 417 1550 438; x_wconf 85' lang='lat' dir='ltr'>ex</span> <span class='ocrx_word' id='word_1_250' title='bbox 1566 417 1713 440; x_wconf 88' lang='lat' dir='ltr'>carcere.</span> <span class='ocrx_word' id='word_1_251' title='bbox 1766 405 1852 440; x_wconf 88' lang='lat' dir='ltr'>Item</span> <span class='ocrx_word' id='word_1_252' title='bbox 1870 407 2065 440; x_wconf 89' lang='lat' dir='ltr'>defendunt</span> <span class='ocrx_word' id='word_1_253' title='bbox 2082 417 2201 450; x_wconf 88' lang='lat' dir='ltr'>pacem</span> <span class='ocrx_word' id='word_1_254' title='bbox 2221 407 2339 448; x_wconf 82' lang='lat' dir='ltr'>publi-</span> 
     </span>
     <span class='ocr_line' id='line_1_42' title="bbox 1348 457 2371 502; baseline 0.003 -13"><span class='ocrx_word' id='word_1_255' title='bbox 1348 469 1422 490; x_wconf 85' lang='lat' dir='ltr'>cam</span> <span class='ocrx_word' id='word_1_256' title='bbox 1435 484 1444 498; x_wconf 94' lang='lat'>‚</span> <span class='ocrx_word' id='word_1_257' title='bbox 1470 457 1671 500; x_wconf 88' lang='lat' dir='ltr'>impediunt</span> <span class='ocrx_word' id='word_1_258' title='bbox 1687 457 1833 490; x_wconf 88' lang='lat' dir='ltr'>consilia</span> <span class='ocrx_word' id='word_1_259' title='bbox 1851 469 1990 497; x_wconf 87' lang='lat' dir='ltr'>eorum,</span> <span class='ocrx_word' id='word_1_260' title='bbox 2017 457 2078 502; x_wconf 87' lang='lat' dir='ltr'>qui</span> <span class='ocrx_word' id='word_1_261' title='bbox 2091 468 2232 489; x_wconf 81' lang='lat' dir='ltr'>movere</span> <span class='ocrx_word' id='word_1_262' title='bbox 2249 457 2339 492; x_wconf 87' lang='lat' dir='ltr'>bella</span> <span class='ocrx_word' id='word_1_263' title='bbox 2356 474 2371 500; x_wconf 61' lang='lat'>,²</span> 
     </span>
     <span class='ocr_line' id='line_1_43' title="bbox 1349 507 2340 553; baseline 0.001 -12"><span class='ocrx_word' id='word_1_264' title='bbox 1349 514 1542 548; x_wconf 89' lang='lat' dir='ltr'>conantur,</span> <span class='ocrx_word' id='word_1_265' title='bbox 1565 508 1654 541; x_wconf 88' lang='lat' dir='ltr'>sicut</span> <span class='ocrx_word' id='word_1_266' title='bbox 1673 508 1764 552; x_wconf 88' lang='lat' dir='ltr'>apud</span> <span class='ocrx_word' id='word_1_267' title='bbox 1778 507 1962 542; x_wconf 89' lang='lat' dir='ltr'>Danielem</span> <span class='ocrx_word' id='word_1_268' title='bbox 1981 509 2126 551; x_wconf 85' lang='lat' dir='ltr'>angelus</span> <span class='ocrx_word' id='word_1_269' title='bbox 2143 508 2279 553; x_wconf 88' lang='lat' dir='ltr'>inquit,</span> <span class='ocrx_word' id='word_1_270' title='bbox 2307 520 2340 542; x_wconf 85' lang='lat' dir='ltr'>se</span> 
     </span>
     <span class='ocr_line' id='line_1_44' title="bbox 1350 556 2382 603; baseline 0.002 -11"><span class='ocrx_word' id='word_1_271' title='bbox 1350 569 1589 603; x_wconf 80' lang='lat' dir='ltr'>propugnasse</span> <span class='ocrx_word' id='word_1_272' title='bbox 1620 570 1739 602; x_wconf 84' lang='lat' dir='ltr'>regem</span> <span class='ocrx_word' id='word_1_273' title='bbox 1769 558 1968 594; x_wconf 86' lang='lat' dir='ltr'>Persarum.</span> <span class='ocrx_word' id='word_1_274' title='bbox 2031 558 2118 592; x_wconf 83' lang='lat' dir='ltr'>Item</span> <span class='ocrx_word' id='word_1_275' title='bbox 2149 559 2241 603; x_wconf 88' lang='lat' dir='ltr'>apud</span> <span class='ocrx_word' id='word_1_276' title='bbox 2271 556 2341 593; x_wconf 88' lang='lat' dir='ltr'>Da·</span> <span class='ocrx_word' id='word_1_277' title='bbox 2376 588 2382 594; x_wconf 92' lang='lat'><em>.</em></span> 
     </span>
     <span class='ocr_line' id='line_1_45' title="bbox 1349 609 2397 654; baseline 0.002 -12"><span class='ocrx_word' id='word_1_278' title='bbox 1349 610 1477 643; x_wconf 89' lang='lat' dir='ltr'>nielem</span> <span class='ocrx_word' id='word_1_279' title='bbox 1503 617 1675 644; x_wconf 88' lang='lat' dir='ltr'>vocantur</span> <span class='ocrx_word' id='word_1_280' title='bbox 1692 609 1815 652; x_wconf 82' lang='lat' dir='ltr'>vigiles</span> <span class='ocrx_word' id='word_1_281' title='bbox 1838 609 1874 642; x_wconf 89' lang='lat' dir='ltr'>in</span> <span class='ocrx_word' id='word_1_282' title='bbox 1895 609 2039 650; x_wconf 85' lang='lat' dir='ltr'>arbore,</span> <span class='ocrx_word' id='word_1_283' title='bbox 2066 621 2154 654; x_wconf 87' lang='lat' dir='ltr'>quae</span> <span class='ocrx_word' id='word_1_284' title='bbox 2171 609 2342 653; x_wconf 82' lang='lat' dir='ltr'>significat</span> <span class='ocrx_word' id='word_1_285' title='bbox 2363 620 2397 650; x_wconf 79' lang='grc'>··,</span> 
     </span>
    </p>
   </div>
   <div class='ocr_carea' id='block_1_12' title="bbox 1350 659 2400 939">
    <p class='ocr_par' dir='ltr' id='par_1_13' title="bbox 1350 659 2096 704">
     <span class='ocr_line' id='line_1_46' title="bbox 1350 659 2096 704; baseline -0.001 -10"><span class='ocrx_word' id='word_1_286' title='bbox 1350 672 1509 704; x_wconf 84' lang='lat' dir='ltr'>regnum.</span> <span class='ocrx_word' id='word_1_287' title='bbox 1562 659 1751 694; x_wconf 86' lang='lat' dir='ltr'>Excubant</span> <span class='ocrx_word' id='word_1_288' title='bbox 1768 660 1876 704; x_wconf 86' lang='lat' dir='ltr'>igitur</span> <span class='ocrx_word' id='word_1_289' title='bbox 1894 672 1961 704; x_wconf 85' lang='lat' dir='ltr'>pro</span> <span class='ocrx_word' id='word_1_290' title='bbox 1976 671 2096 703; x_wconf 84' lang='lat' dir='ltr'>regno.</span> 
     </span>
    </p>

    <p class='ocr_par' dir='ltr' id='par_1_14' title="bbox 1351 675 2400 939">
     <span class='ocr_line' id='line_1_47' title="bbox 1454 675 2396 766; baseline 0.004 -6"><span class='ocrx_word' id='word_1_291' title='bbox 1454 726 1624 762; x_wconf 89' lang='lat' dir='ltr'>Privatim</span> <span class='ocrx_word' id='word_1_292' title='bbox 1648 728 1845 762; x_wconf 87' lang='lat' dir='ltr'>defendunt</span> <span class='ocrx_word' id='word_1_293' title='bbox 1865 728 1994 766; x_wconf 85' lang='lat' dir='ltr'>vitam,</span> <span class='ocrx_word' id='word_1_294' title='bbox 2023 727 2113 761; x_wconf 83' lang='lat' dir='ltr'>sicut</span> <span class='ocrx_word' id='word_1_295' title='bbox 2131 734 2163 761; x_wconf 91' lang='lat' dir='ltr'>et</span> <span class='ocrx_word' id='word_1_296' title='bbox 2181 675 2396 764; x_wconf 31' lang='lat' dir='ltr'>Christus&amp;</span> 
     </span>
     <span class='ocr_line' id='line_1_48' title="bbox 1351 778 2348 827; baseline 0.002 -15"><span class='ocrx_word' id='word_1_297' title='bbox 1351 785 1517 818; x_wconf 86' lang='lat' dir='ltr'>testatur,</span> <span class='ocrx_word' id='word_1_298' title='bbox 1558 779 1677 822; x_wconf 87' lang='lat' dir='ltr'>pueris</span> <span class='ocrx_word' id='word_1_299' title='bbox 1717 791 1789 812; x_wconf 88' lang='lat' dir='ltr'>esse</span> <span class='ocrx_word' id='word_1_300' title='bbox 1826 779 1964 813; x_wconf 89' lang='lat' dir='ltr'>additos</span> <span class='ocrx_word' id='word_1_301' title='bbox 1997 778 2139 822; x_wconf 88' lang='lat' dir='ltr'>angelos</span> <span class='ocrx_word' id='word_1_302' title='bbox 2171 780 2348 827; x_wconf 32' lang='lat' dir='ltr'>custodes,-</span> 
     </span>
     <span class='ocr_line' id='line_1_49' title="bbox 1352 828 2400 874; baseline 0.003 -12"><span class='ocrx_word' id='word_1_303' title='bbox 1352 841 1429 862; x_wconf 90' lang='lat' dir='ltr'>cum</span> <span class='ocrx_word' id='word_1_304' title='bbox 1462 829 1595 874; x_wconf 85' lang='lat' dir='ltr'>inquit:</span> <span class='ocrx_word' id='word_1_305' title='bbox 1625 828 1751 873; x_wconf 89' lang='lat' dir='ltr'>Angeli</span> <span class='ocrx_word' id='word_1_306' title='bbox 1778 842 1900 863; x_wconf 90' lang='lat' dir='ltr'>eorum</span> <span class='ocrx_word' id='word_1_307' title='bbox 1928 830 2050 863; x_wconf 77' lang='lat' dir='ltr'>vident</span> <span class='ocrx_word' id='word_1_308' title='bbox 2073 829 2197 862; x_wconf 80' lang='lat' dir='ltr'>faciem</span> <span class='ocrx_word' id='word_1_309' title='bbox 2222 830 2343 873; x_wconf 84' lang='lat' dir='ltr'>patris.</span> <span class='ocrx_word' id='word_1_310' title='bbox 2364 830 2400 871; x_wconf 71' lang='lat'>⁴0.</span> 
     </span>
     <span class='ocr_line' id='line_1_50' title="bbox 1351 876 2398 939; baseline 0.002 -25"><span class='ocrx_word' id='word_1_311' title='bbox 1351 878 1397 914; x_wconf 91' lang='lat' dir='ltr'>Et</span> <span class='ocrx_word' id='word_1_312' title='bbox 1422 877 1528 913; x_wconf 85' lang='lat' dir='ltr'>huius</span> <span class='ocrx_word' id='word_1_313' title='bbox 1553 880 1659 914; x_wconf 82' lang='lat' dir='ltr'>officii</span> <span class='ocrx_word' id='word_1_314' title='bbox 1683 881 1792 915; x_wconf 88' lang='lat' dir='ltr'>multa</span> <span class='ocrx_word' id='word_1_315' title='bbox 1820 888 1902 914; x_wconf 89' lang='lat' dir='ltr'>sunt</span> <span class='ocrx_word' id='word_1_316' title='bbox 1921 881 2076 925; x_wconf 84' lang='lat' dir='ltr'>exempla</span> <span class='ocrx_word' id='word_1_317' title='bbox 2090 907 2097 921; x_wconf 91' lang='lat'>‚</span> <span class='ocrx_word' id='word_1_318' title='bbox 2123 880 2212 914; x_wconf 88' lang='lat' dir='ltr'>utin</span> <span class='ocrx_word' id='word_1_319' title='bbox 2231 878 2344 916; x_wconf 80' lang='lat' dir='ltr'>histo-</span> <span class='ocrx_word' id='word_1_320' title='bbox 2363 876 2398 939; x_wconf 52' lang='grc' dir='ltr'><strong><em>ᾗ</em></strong></span> 
     </span>
    </p>
   </div>
   <div class='ocr_carea' id='block_1_13' title="bbox 1350 929 2398 1027">
    <p class='ocr_par' dir='ltr' id='par_1_15' title="bbox 1350 929 2398 1027">
     <span class='ocr_line' id='line_1_51' title="bbox 1351 929 2393 982; baseline 0.001 -19"><span class='ocrx_word' id='word_1_321' title='bbox 1351 931 1402 964; x_wconf 89' lang='lat' dir='ltr'>ria</span> <span class='ocrx_word' id='word_1_322' title='bbox 1427 929 1551 969; x_wconf 85' lang='lat' dir='ltr'>Iacob,</span> <span class='ocrx_word' id='word_1_323' title='bbox 1585 930 1738 972; x_wconf 82' lang='lat' dir='ltr'>Tobiae,</span> <span class='ocrx_word' id='word_1_324' title='bbox 1771 929 1980 977; x_wconf 85' lang='lat' dir='ltr'>Epiphanii.</span> <span class='ocrx_word' id='word_1_325' title='bbox 2052 930 2139 965; x_wconf 86' lang='lat' dir='ltr'>Item</span> <span class='ocrx_word' id='word_1_326' title='bbox 2171 931 2206 964; x_wconf 92' lang='lat' dir='ltr'>in</span> <span class='ocrx_word' id='word_1_327' title='bbox 2233 941 2393 982; x_wconf 37' lang='lat' dir='ltr'>pueros}</span> 
     </span>
     <span class='ocr_line' id='line_1_52' title="bbox 1350 972 2398 1027; baseline 0 -11"><span class='ocrx_word' id='word_1_328' title='bbox 1350 981 1512 1027; x_wconf 71' lang='lat' dir='ltr'>Cygnm,</span> <span class='ocrx_word' id='word_1_329' title='bbox 1540 989 1573 1015; x_wconf 91' lang='lat' dir='ltr'>et</span> <span class='ocrx_word' id='word_1_330' title='bbox 1591 982 1712 1016; x_wconf 88' lang='lat' dir='ltr'>multis</span> <span class='ocrx_word' id='word_1_331' title='bbox 1729 982 1816 1016; x_wconf 89' lang='lat' dir='ltr'>aliis.</span> <span class='ocrx_word' id='word_1_332' title='bbox 2355 972 2398 1024; x_wconf 49' lang='grc' dir='ltr'>ἦ·</span> 
     </span>
    </p>
   </div>
   <div class='ocr_carea' id='block_1_14' title="bbox 1455 1037 2387 1093">
    <p class='ocr_par' dir='ltr' id='par_1_16' title="bbox 1455 1037 2387 1093">
     <span class='ocr_line' id='line_1_53' title="bbox 1455 1037 2387 1093; baseline 0.003 -14"><span class='ocrx_word' id='word_1_333' title='bbox 1455 1046 1619 1080; x_wconf 62' lang='lat' dir='ltr'>Vicissim</span> <span class='ocrx_word' id='word_1_334' title='bbox 1638 1053 1755 1080; x_wconf 88' lang='lat' dir='ltr'>autem</span> <span class='ocrx_word' id='word_1_335' title='bbox 1772 1047 1947 1081; x_wconf 89' lang='lat' dir='ltr'>discamus</span> <span class='ocrx_word' id='word_1_336' title='bbox 1964 1047 2048 1091; x_wconf 87' lang='lat' dir='ltr'>quid</span> <span class='ocrx_word' id='word_1_337' title='bbox 2069 1059 2086 1080; x_wconf 93' lang='lat' dir='ltr'>a</span> <span class='ocrx_word' id='word_1_338' title='bbox 2105 1047 2210 1080; x_wconf 87' lang='lat' dir='ltr'>nobis</span> <span class='ocrx_word' id='word_1_339' title='bbox 2223 1049 2343 1093; x_wconf 85' lang='lat' dir='ltr'>requi·</span> <span class='ocrx_word' id='word_1_340' title='bbox 2378 1037 2387 1046; x_wconf 55' lang='lat'>⁸</span> 
     </span>
    </p>
   </div>
   <div class='ocr_carea' id='block_1_15' title="bbox 1353 1079 2393 1152">
    <p class='ocr_par' dir='ltr' id='par_1_17' title="bbox 1353 1079 2393 1152">
     <span class='ocr_line' id='line_1_54' title="bbox 1353 1079 2393 1152; baseline 0.003 -21"><span class='ocrx_word' id='word_1_341' title='bbox 1353 1104 1433 1131; x_wconf 90' lang='lat' dir='ltr'>rant</span> <span class='ocrx_word' id='word_1_342' title='bbox 1465 1098 1599 1141; x_wconf 87' lang='lat' dir='ltr'>angeli,</span> <span class='ocrx_word' id='word_1_343' title='bbox 1642 1098 1805 1132; x_wconf 81' lang='lat' dir='ltr'>videlicet</span> <span class='ocrx_word' id='word_1_344' title='bbox 1836 1098 2097 1141; x_wconf 83' lang='lat' dir='ltr'>gratitudinem.</span> <span class='ocrx_word' id='word_1_345' title='bbox 2169 1097 2265 1132; x_wconf 84' lang='lat' dir='ltr'>Haec</span> <span class='ocrx_word' id='word_1_346' title='bbox 2292 1106 2345 1134; x_wconf 89' lang='lat' dir='ltr'>est</span> <span class='ocrx_word' id='word_1_347' title='bbox 2363 1079 2393 1152; x_wconf 54' lang='grc' dir='ltr'><strong>ζ</strong></span> 
     </span>
    </p>
   </div>
   <div class='ocr_carea' id='block_1_16' title="bbox 1353 1149 2409 1193">
    <p class='ocr_par' dir='ltr' id='par_1_18' title="bbox 1353 1149 2409 1193">
     <span class='ocr_line' id='line_1_55' title="bbox 1353 1149 2409 1193; baseline 0.002 -11"><span class='ocrx_word' id='word_1_348' title='bbox 1353 1155 1469 1182; x_wconf 90' lang='lat' dir='ltr'>autem</span> <span class='ocrx_word' id='word_1_349' title='bbox 1492 1161 1573 1182; x_wconf 87' lang='lat' dir='ltr'>vera</span> <span class='ocrx_word' id='word_1_350' title='bbox 1600 1149 1795 1193; x_wconf 86' lang='lat' dir='ltr'>gratitudo,</span> <span class='ocrx_word' id='word_1_351' title='bbox 1821 1156 1861 1183; x_wconf 90' lang='lat' dir='ltr'>ut</span> <span class='ocrx_word' id='word_1_352' title='bbox 1883 1149 2039 1193; x_wconf 88' lang='lat' dir='ltr'>ipsorum</span> <span class='ocrx_word' id='word_1_353' title='bbox 2064 1150 2212 1183; x_wconf 72' lang='lat' dir='ltr'>virtutes</span> <span class='ocrx_word' id='word_1_354' title='bbox 2227 1149 2344 1184; x_wconf 84' lang='lat' dir='ltr'>imite-</span> <span class='ocrx_word' id='word_1_355' title='bbox 2379 1171 2409 1190; x_wconf 56' lang='grc' dir='ltr'>υ,</span> 
     </span>
    </p>
   </div>
   <div class='ocr_carea' id='block_1_17' title="bbox 1354 1198 2346 1393">
    <p class='ocr_par' dir='ltr' id='par_1_19' title="bbox 1354 1198 2346 1393">
     <span class='ocr_line' id='line_1_56' title="bbox 1355 1198 2345 1244; baseline 0.002 -12"><span class='ocrx_word' id='word_1_356' title='bbox 1355 1212 1455 1240; x_wconf 87' lang='lat' dir='ltr'>mur,</span> <span class='ocrx_word' id='word_1_357' title='bbox 1483 1198 1550 1234; x_wconf 89' lang='lat' dir='ltr'>hoe</span> <span class='ocrx_word' id='word_1_358' title='bbox 1567 1207 1634 1241; x_wconf 80' lang='lat' dir='ltr'>est,</span> <span class='ocrx_word' id='word_1_359' title='bbox 1661 1207 1700 1234; x_wconf 91' lang='lat' dir='ltr'>ut</span> <span class='ocrx_word' id='word_1_360' title='bbox 1718 1200 1828 1234; x_wconf 90' lang='lat' dir='ltr'>simus</span> <span class='ocrx_word' id='word_1_361' title='bbox 1846 1212 2002 1238; x_wconf 85' lang='lat' dir='ltr'>veraces,</span> <span class='ocrx_word' id='word_1_362' title='bbox 2029 1200 2064 1233; x_wconf 92' lang='lat' dir='ltr'>id</span> <span class='ocrx_word' id='word_1_363' title='bbox 2083 1207 2153 1241; x_wconf 86' lang='lat' dir='ltr'>est,</span> <span class='ocrx_word' id='word_1_364' title='bbox 2181 1207 2220 1234; x_wconf 89' lang='lat' dir='ltr'>ut</span> <span class='ocrx_word' id='word_1_365' title='bbox 2237 1211 2345 1244; x_wconf 83' lang='lat' dir='ltr'>agno-</span> 
     </span>
     <span class='ocr_line' id='line_1_57' title="bbox 1354 1250 2344 1295; baseline 0 -11"><span class='ocrx_word' id='word_1_366' title='bbox 1354 1262 1490 1284; x_wconf 90' lang='lat' dir='ltr'>scamus</span> <span class='ocrx_word' id='word_1_367' title='bbox 1520 1264 1585 1285; x_wconf 93' lang='lat' dir='ltr'>nos</span> <span class='ocrx_word' id='word_1_368' title='bbox 1610 1250 1685 1285; x_wconf 93' lang='lat' dir='ltr'>Deo</span> <span class='ocrx_word' id='word_1_369' title='bbox 1719 1263 1822 1285; x_wconf 87' lang='lat' dir='ltr'>curae</span> <span class='ocrx_word' id='word_1_370' title='bbox 1851 1263 1940 1292; x_wconf 86' lang='lat' dir='ltr'>esse,</span> <span class='ocrx_word' id='word_1_371' title='bbox 1973 1250 2217 1295; x_wconf 81' lang='lat' dir='ltr'>Agnoscamus</span> <span class='ocrx_word' id='word_1_372' title='bbox 2241 1251 2344 1285; x_wconf 83' lang='lat' dir='ltr'>nohis</span> 
     </span>
     <span class='ocr_line' id='line_1_58' title="bbox 1354 1299 2346 1345; baseline 0.002 -12"><span class='ocrx_word' id='word_1_373' title='bbox 1354 1302 1439 1333; x_wconf 79' lang='lat' dir='ltr'>iales</span> <span class='ocrx_word' id='word_1_374' title='bbox 1464 1304 1625 1333; x_wconf 81' lang='lat' dir='ltr'>custodes</span> <span class='ocrx_word' id='word_1_375' title='bbox 1649 1314 1720 1333; x_wconf 80' lang='lat' dir='ltr'>esse</span> <span class='ocrx_word' id='word_1_376' title='bbox 1748 1303 1908 1338; x_wconf 74' lang='lat' dir='ltr'>additos,</span> <span class='ocrx_word' id='word_1_377' title='bbox 1933 1309 1965 1334; x_wconf 83' lang='lat' dir='ltr'>et</span> <span class='ocrx_word' id='word_1_378' title='bbox 1990 1313 2135 1343; x_wconf 81' lang='lat' dir='ltr'>agamus</span> <span class='ocrx_word' id='word_1_379' title='bbox 2160 1299 2244 1334; x_wconf 81' lang='lat' dir='ltr'>Deo</span> <span class='ocrx_word' id='word_1_380' title='bbox 2267 1313 2346 1345; x_wconf 77' lang='lat' dir='ltr'>gra-</span> 
     </span>
     <span class='ocr_line' id='line_1_59' title="bbox 1354 1347 1931 1393; baseline 0.003 -10"><span class='ocrx_word' id='word_1_381' title='bbox 1354 1351 1419 1384; x_wconf 90' lang='lat' dir='ltr'>tias</span> <span class='ocrx_word' id='word_1_382' title='bbox 1436 1362 1499 1393; x_wconf 86' lang='lat' dir='ltr'>pro</span> <span class='ocrx_word' id='word_1_383' title='bbox 1515 1347 1582 1383; x_wconf 85' lang='lat' dir='ltr'>hoc</span> <span class='ocrx_word' id='word_1_384' title='bbox 1600 1350 1732 1393; x_wconf 85' lang='lat' dir='ltr'>ingenti</span> <span class='ocrx_word' id='word_1_385' title='bbox 1751 1351 1931 1385; x_wconf 79' lang='lat' dir='ltr'>beneficio.</span> 
     </span>
    </p>
   </div>
   <div class='ocr_carea' id='block_1_18' title="bbox 1355 1416 2387 1516">
    <p class='ocr_par' dir='ltr' id='par_1_20' title="bbox 1355 1416 2387 1516">
     <span class='ocr_line' id='line_1_60' title="bbox 1457 1416 2382 1465; baseline 0.004 -15"><span class='ocrx_word' id='word_1_386' title='bbox 1457 1416 1595 1451; x_wconf 91' lang='lat' dir='ltr'>Deinde</span> <span class='ocrx_word' id='word_1_387' title='bbox 1621 1418 1826 1461; x_wconf 87' lang='lat' dir='ltr'>angelorum</span> <span class='ocrx_word' id='word_1_388' title='bbox 1852 1418 2009 1462; x_wconf 87' lang='lat' dir='ltr'>exemplo</span> <span class='ocrx_word' id='word_1_389' title='bbox 2034 1419 2142 1451; x_wconf 90' lang='lat' dir='ltr'>simus</span> <span class='ocrx_word' id='word_1_390' title='bbox 2167 1431 2232 1453; x_wconf 90' lang='lat' dir='ltr'>nos</span> <span class='ocrx_word' id='word_1_391' title='bbox 2255 1432 2345 1465; x_wconf 85' lang='lat' dir='ltr'>quo·</span> <span class='ocrx_word' id='word_1_392' title='bbox 2378 1435 2382 1441; x_wconf 95' lang='lat'><em>·</em></span> 
     </span>
     <span class='ocr_line' id='line_1_61' title="bbox 1355 1468 2387 1516; baseline 0.003 -14"><span class='ocrx_word' id='word_1_393' title='bbox 1355 1481 1423 1514; x_wconf 86' lang='lat' dir='ltr'>que</span> <span class='ocrx_word' id='word_1_394' title='bbox 1445 1468 1705 1516; x_wconf 61' lang='grc' dir='ltr'>φιλόστοργοι,</span> <span class='ocrx_word' id='word_1_395' title='bbox 1734 1476 1987 1512; x_wconf 74' lang='lat' dir='ltr'>temperantes,</span> <span class='ocrx_word' id='word_1_396' title='bbox 2014 1470 2096 1503; x_wconf 87' lang='lat' dir='ltr'>casti</span> <span class='ocrx_word' id='word_1_397' title='bbox 2120 1477 2181 1504; x_wconf 80' lang='lat' dir='ltr'>etc.</span> <span class='ocrx_word' id='word_1_398' title='bbox 2234 1469 2281 1505; x_wconf 81' lang='lat' dir='ltr'>Et</span> <span class='ocrx_word' id='word_1_399' title='bbox 2306 1479 2345 1505; x_wconf 87' lang='lat' dir='ltr'>ut</span> <span class='ocrx_word' id='word_1_400' title='bbox 2378 1506 2387 1516; x_wconf 20' lang='grc' dir='ltr'><strong><em>κ</em></strong></span> 
     </span>
    </p>
   </div>
   <div class='ocr_carea' id='block_1_19' title="bbox 1327 1519 2371 1617">
    <p class='ocr_par' dir='ltr' id='par_1_21' title="bbox 1327 1519 2371 1617">
     <span class='ocr_line' id='line_1_62' title="bbox 1327 1519 2371 1563; baseline 0.003 -10"><span class='ocrx_word' id='word_1_401' title='bbox 1327 1541 1330 1562; x_wconf 59' lang='lat' dir='ltr'>t</span> <span class='ocrx_word' id='word_1_402' title='bbox 1354 1521 1568 1554; x_wconf 79' lang='lat' dir='ltr'>retineamus</span> <span class='ocrx_word' id='word_1_403' title='bbox 1593 1521 1735 1563; x_wconf 84' lang='lat' dir='ltr'>angelos</span> <span class='ocrx_word' id='word_1_404' title='bbox 1760 1521 1944 1553; x_wconf 85' lang='lat' dir='ltr'>nobiscum</span> <span class='ocrx_word' id='word_1_405' title='bbox 1959 1547 1966 1560; x_wconf 90' lang='lat'>‚</span> <span class='ocrx_word' id='word_1_406' title='bbox 1995 1519 2185 1554; x_wconf 86' lang='lat' dir='ltr'>invitemus</span> <span class='ocrx_word' id='word_1_407' title='bbox 2203 1533 2260 1554; x_wconf 89' lang='lat' dir='ltr'>eos</span> <span class='ocrx_word' id='word_1_408' title='bbox 2279 1533 2344 1556; x_wconf 88' lang='lat' dir='ltr'>no·</span> <span class='ocrx_word' id='word_1_409' title='bbox 2364 1531 2371 1540; x_wconf 90' lang='lat'><em>·</em></span> 
     </span>
     <span class='ocr_line' id='line_1_63' title="bbox 1328 1572 1926 1617; baseline -0.002 -13"><span class='ocrx_word' id='word_1_410' title='bbox 1328 1601 1329 1617; x_wconf 25' lang='grc' dir='ltr'>ἢ</span> <span class='ocrx_word' id='word_1_411' title='bbox 1355 1578 1424 1604; x_wconf 86' lang='lat' dir='ltr'>stra</span> <span class='ocrx_word' id='word_1_412' title='bbox 1442 1572 1570 1615; x_wconf 82' lang='lat' dir='ltr'>pictate</span> <span class='ocrx_word' id='word_1_413' title='bbox 1588 1572 1739 1605; x_wconf 83' lang='lat' dir='ltr'>ethonis</span> <span class='ocrx_word' id='word_1_414' title='bbox 1757 1572 1926 1604; x_wconf 89' lang='lat' dir='ltr'>moribus.</span> 
     </span>
    </p>
   </div>
   <div class='ocr_carea' id='block_1_20' title="bbox 1777 1630 2366 1669">
    <p class='ocr_par' dir='ltr' id='par_1_22' title="bbox 1777 1630 2366 1669">
     <span class='ocr_line' id='line_1_64' title="bbox 1777 1630 2366 1669; baseline 0.015 -9"><span class='ocrx_word' id='word_1_415' title='bbox 1777 1630 1921 1665; x_wconf 80' lang='lat' dir='ltr'>Finis.</span> <span class='ocrx_word' id='word_1_416' title='bbox 2353 1650 2366 1669; x_wconf 67' lang='lat' dir='ltr'>s</span> 
     </span>
    </p>
   </div>
   <div class='ocr_carea' id='block_1_21' title="bbox 2380 1262 2409 1297">
    <p class='ocr_par' dir='ltr' id='par_1_23' title="bbox 2380 1262 2409 1297">
     <span class='ocr_line' id='line_1_65' title="bbox 2380 1262 2409 1297; baseline -0.034 0"><span class='ocrx_word' id='word_1_417' title='bbox 2380 1262 2409 1297; x_wconf 66' lang='lat'>,⁶4</span> 
     </span>
    </p>
   </div>
  </div>
 </body>
</html>
