2409 2915
101 113 178 151 757
356 115 438 153 ΧΠ.

99 201 187 235 lium
212 202 388 242 docuerit,
416 199 614 236 Anathema
637 201 691 236 sit.
745 200 988 237 Psalm.119.:
1013 202 1085 237 Lu-

99 264 202 286 cerna
227 254 375 297 pedibus
399 254 484 286 meis
508 253 653 285 verbum
677 259 794 293 tuum,
822 259 854 286 et
878 253 937 286 lux
954 254 1085 287 semitis

99 304 199 337 meis.
255 304 340 338 Item
357 304 495 337 Psalmo
513 303 562 336 1.:
589 301 720 336 Beatus
743 303 798 336 vir
820 304 879 348 qui
902 316 974 337 non
998 305 1084 338 abiit

99 354 138 387 in
164 355 311 388 consilio
335 354 543 398 impiorum,
570 365 685 398 neque
707 361 774 388 stat
799 354 908 388 invia
927 363 1083 399 peccato—

98 417 198 446 rum,
235 418 298 438 nec
327 406 421 438 sedet
453 404 490 436 in
516 401 680 437 cathedra
709 405 926 446 derisorum,
961 407 1017 439 sed
1046 406 1081 439 in

98 455 190 499 Lege
201 455 343 490 Domini
362 455 523 488 voluntas
540 455 625 489 eius.
680 455 820 489 Psalmo
839 456 939 491 119.:
969 456 1081 490 Male-

97 507 181 540 dicti
204 506 264 551 qui
287 506 464 539 declinant
483 517 501 538 a
521 507 694 540 mandatis
713 507 792 540 tuis.
825 506 988 552 Denique
1002 508 1080 551 plu-

98 557 184 590 rima
208 556 334 601 passim
361 563 479 590 extant
501 556 538 589 in
562 554 654 590 hanc
676 558 885 591 sententiam
911 559 1080 592 divinitus

95 608 198 641 dicta.
252 606 303 640 Ita
319 618 418 651 saepe
435 614 576 653 revocat
592 619 657 641 nos
671 607 766 642 Deus
783 620 801 641 a
818 609 976 648 iudiciis,
1004 622 1078 642 mo-

95 658 211 698 ribus,
239 657 469 701 opinionibus
493 665 526 691 et
549 659 715 703 exemplis
737 659 832 693 varie
857 657 1079 693 hallucinan-

94 709 206 749 tibus,
234 709 404 742 maximae
427 709 590 743 videlicet
613 710 651 743 in
676 711 809 743 mundo
830 710 1079 751 multitudinis,

93 760 136 792 ad
161 770 252 799 sese,
279 766 313 793 et
336 761 379 792 ad
402 760 548 793 verbum
573 773 694 801 suum,
721 773 879 804 expresse
896 762 932 794 in
952 774 1077 795 monu-

93 810 220 844 mentis
238 808 457 855 Propheticis
472 818 505 844 et
521 809 735 855 Apostolicis
750 812 931 847 traditum.

193 876 295 911 Hanc
318 878 545 911 necessariam
563 878 758 912 doctrinam
777 880 906 914 debent
922 879 1009 913 scire
1026 886 1076 913 at-

92 940 160 973 que
184 929 308 962 crebro
333 929 493 962 meditari
518 926 697 968 homines,
732 937 764 963 et
788 931 1015 973 cogitationes
1039 942 1078 963 ac

91 991 206 1012 mores
222 991 304 1013 suos
321 980 365 1012 ad
382 992 542 1013 normam
560 992 619 1013 seu
639 982 890 1024 praescriptum
907 981 1005 1014 verbi
1022 981 1078 1014 di—

90 1030 165 1062 vini
194 1030 365 1077 dirigere,
398 1043 462 1064 nec
488 1031 608 1064 relicta
635 1032 753 1074 regula
778 1032 1077 1077 circumspectare,

90 1093 128 1114 ac
149 1082 246 1126 sequi
271 1082 325 1115 vel
350 1082 507 1126 exempla
531 1082 586 1114 vel
609 1083 893 1123 multitudinem,
921 1090 953 1117 et
973 1084 1076 1116 modo

90 1129 193 1172 hanc,
214 1133 320 1166 modo
334 1133 429 1165 illam
443 1133 647 1177 opinionem
660 1134 833 1178 amplecti.
861 1134 959 1168 Sicut
971 1132 1077 1167 hodie

90 1183 192 1216 multi
212 1183 363 1224 faciunt,
390 1183 450 1228 qui
466 1184 579 1218 videri
597 1185 721 1219 volunt
738 1197 809 1218 non
828 1192 898 1218 tam
916 1185 1075 1218 omnium

89 1230 270 1272 horarum,
297 1246 402 1278 quam
418 1235 577 1268 omnium
595 1242 765 1268 sectarum
783 1234 957 1277 homines,
983 1237 1075 1280 apud

90 1282 248 1327 Papistas
281 1284 449 1317 simulant
479 1284 687 1328 Papisticam
715 1286 942 1328 religionem,
983 1287 1074 1329 apud

89 1332 321 1377 Evangelicos
346 1333 612 1377 Evangelicam‚
641 1336 733 1378 apud
759 1335 907 1369 Iudaeos
929 1337 1075 1380 applau-

89 1385 179 1417 dunt
195 1384 506 1428 superstitionibus
521 1384 672 1418 Iudaicis
683 1412 691 1425 ‚
719 1387 811 1430 apud
828 1386 965 1420 ancos
981 1386 1075 1420 Tur-

87 1434 170 1468 cicis
196 1446 257 1468 seu
282 1432 552 1476 Mahometicis,
584 1448 663 1469 cum
690 1443 806 1470 tamen
831 1435 923 1470 nihil
947 1435 1075 1471 horum

87 1486 231 1519 credant
249 1492 308 1519 aut
326 1486 495 1531 probent,
521 1487 579 1520 sed
596 1488 745 1530 superbe
762 1488 944 1522 derideant
960 1486 1074 1521 Deum

87 1543 120 1569 et
143 1536 330 1580 religiones
352 1549 486 1570 omnes.
536 1535 588 1570 De
611 1539 740 1582 quibus
758 1539 925 1573 omnibus
944 1537 1000 1572 hic
1018 1539 1076 1571 in-

86 1587 163 1632 quit
181 1585 373 1621 Dominus:
400 1586 487 1622 Lata
510 1595 560 1622 est
582 1596 682 1632 porta
707 1596 739 1623 et
762 1589 911 1633 spatiosa
936 1589 990 1622 via
1009 1590 1075 1622 du-

86 1649 168 1671 cens
192 1639 235 1671 ad
261 1638 516 1682 perditionem,
553 1646 585 1673 et
608 1639 711 1673 multi
735 1647 836 1679 sunt,
871 1640 931 1685 qui
958 1640 1075 1683 ingre-

86 1689 235 1722 diuntur
252 1701 314 1734 per
331 1701 418 1725 eam.

186 1756 282 1790 Haec
298 1757 366 1791 late
383 1764 505 1800 patens
522 1764 620 1800 porta
637 1763 703 1797 est,
730 1768 867 1791 sumere
881 1757 948 1790 sibi
966 1756 1075 1790 licen-

84 1807 168 1841 tiam
187 1807 336 1850 vagandi
353 1807 600 1851 opinionibus,
629 1814 661 1840 et
679 1807 714 1839 in
732 1808 898 1851 operibus
915 1820 986 1841 non
1005 1808 1073 1840 cir-

84 1858 262 1898 cumdari,
289 1869 353 1891 nec
371 1858 552 1901 alligatum
571 1869 643 1891 esse
661 1859 764 1891 certis
784 1859 883 1892 metis
901 1858 1075 1892 divinitus

84 1908 304 1949 constitutis,
331 1908 367 1941 id
393 1915 461 1949 est,
488 1908 687 1953 petulanter
711 1909 841 1942 sentire
865 1921 903 1942 ac
927 1909 1074 1942 commi—

85 1959 174 1993 nisci
196 1959 364 2005 quicquid
389 1959 492 1998 libet,
521 1959 602 1993 item
626 1960 750 1993 laxatis
773 1960 980 2003 disciplinae
1004 1961 1075 1993 sre-

86 2011 160 2049 nis,
187 2023 397 2056 morumque
413 2011 576 2050 vinculis,
603 2011 776 2055 quidlibet
793 2011 976 2054 iudulgere
991 2011 1073 2044 sibi:

87 2062 385 2106 quemadmodum
411 2059 555 2095 Ethnici
580 2061 756 2096 finxerunt
780 2062 896 2103 idola,
921 2074 982 2096 seu
1006 2074 1074 2095 nu-

86 2111 182 2145 mina
215 2124 279 2156 pro
311 2112 478 2145 libidine:
513 2119 547 2146 et
575 2112 664 2146 sicut
688 2110 756 2146 hoc
780 2120 938 2157 tempore
963 2113 1074 2146 multa

86 2163 233 2196 distorta
265 2169 298 2196 et
323 2163 462 2196 rabiosa
488 2163 629 2206 ingenia
655 2163 973 2197 comminiscuntur
996 2164 1074 2207 opi-

84 2213 210 2247 niones
243 2225 307 2258 pro
338 2214 449 2247 coecis
479 2221 511 2247 et
541 2214 674 2257 rapidis
701 2214 894 2248 affectibus.
957 2213 1074 2247 Multa

86 2265 199 2298 millia
231 2263 416 2298 hominum
446 2265 483 2297 in
512 2264 679 2308 operibus
703 2271 806 2309 atque
830 2264 988 2298 moribus
1012 2277 1074 2298 va—

85 2322 214 2360 gantur
245 2323 279 2350 et
307 2323 416 2350 ruunt
449 2322 599 2355 temere,
635 2314 743 2349 nullis
776 2315 926 2349 coercita
955 2315 1075 2356 frenis,

86 2379 149 2400 ceu
171 2367 303 2400 feroces
325 2367 404 2412 equi
433 2377 574 2400 excusso
599 2374 752 2405 rectore,
786 2372 947 2399 exercent
971 2366 1075 2400 adul-

86 2418 191 2458 teria,
214 2418 401 2462 indulgent
412 2415 707 2456 helluationibus,
734 2416 965 2457 libidinibus,
989 2418 1075 2451 dant

87 2481 230 2511 operam
263 2470 367 2502 rebus
397 2469 548 2509 illicitis,
584 2468 768 2501 fraudibus
799 2475 831 2502 et
861 2467 1075 2511 imposturis,

87 2520 290 2565 ubicunque
308 2520 454 2554 facultas
471 2527 504 2553 et
521 2519 720 2553 occasiones
736 2525 940 2563 suppetunt.

189 2587 286 2620 Haec
316 2588 524 2632 vagabunda
550 2588 690 2621 licentia
715 2599 853 2620 morum
877 2593 910 2619 et
935 2587 1075 2631 opinio-

89 2650 172 2670 num
191 2645 240 2672 est
259 2638 318 2671 illa
336 2639 452 2682 patula
469 2651 528 2672 seu
545 2639 612 2672 lata
631 2645 750 2683 porta,
778 2639 820 2671 ad
838 2650 942 2681 quam
961 2638 1075 2671 mani·
1099 2649 1101 2658 ·

88 2689 212 2722 festum
239 2697 289 2723 est
313 2690 412 2735 quasi
439 2689 616 2723 confluere
640 2696 672 2723 et
696 2689 898 2733 agminatim
925 2701 1075 2723 concur-

494 113 886 152 ANNOTATIONES
912 115 978 151 ET
1005 111 1287 152 CONCIONES
1316 114 1366 150 IN
1390 113 1573 153 EVANG.
1600 116 1883 156 MATTHAEI.

2055 125 2127 161 758

1139 211 1215 233 rere
1245 200 1429 234 maximam
1460 203 1600 236 turbam
1633 215 1692 239 seu
1723 207 1985 242 multitudinem
2010 207 2125 244 homi-

1138 263 1240 284 num:
1267 263 1388 284 verum
1416 252 1495 285 finis
1521 265 1559 286 ac
1578 255 1688 289 exitus
1704 258 1893 292 admodum
1912 267 1961 294 est
1980 261 2124 295 misera-

1138 301 1237 340 bilis,
1266 308 1298 334 et
1321 300 1540 345 catastrophe
1557 305 1634 346 plus
1653 318 1756 350 quam
1775 310 1913 352 tragica.
1968 310 2123 346 Proinde

1137 351 1312 385 Dominus
1335 352 1439 385 etiam
1462 353 1546 387 dicit
1563 355 1599 386 in
1618 353 1684 388 hoc
1701 365 1812 392 textu:
1840 360 1963 394 Latam
1983 370 2119 406 portam

1136 404 1263 437 ducere
1280 403 1322 435 ad
1340 402 1573 446 perditionem
1591 416 1651 438 seu
1667 406 1857 442 interitum.
1913 412 2008 446 ldem
2025 414 2120 447 affir-

1136 460 1206 487 mat
1229 452 1389 486 Psalmus
1414 454 1510 488 119.:
1545 454 1727 490 Maledicti
1753 471 1890 500 omnes,
1926 464 1985 507 qui
2012 465 2119 497 decli-

1135 511 1221 538 nant
1245 516 1263 537 a
1289 505 1464 537 mandatis
1486 505 1564 538 tuis.
1618 505 1649 540 E
1671 508 1813 551 regione
1832 523 1914 545 vero
1931 521 2070 548 aeterna
2086 522 2120 549 et

1133 562 1278 598 angusta
1305 562 1404 598 porta
1429 563 1480 589 est
1504 555 1618 600 ipsum
1645 559 1792 592 verbum
1811 559 1900 602 Dei,
1927 565 2019 607 quod
2039 566 2119 598 alli-

1133 613 1189 649 gat
1208 617 1286 639 cum
1306 606 1427 647 fidem,
1455 613 1531 640 tum
1549 620 1653 651 opera
1674 617 1791 643 nostra
1808 612 1849 644 ad
1867 625 1972 646 unam
1989 622 2117 649 certam

1133 656 1313 690 doctrinae
1336 668 1518 697 normam,
1546 665 1578 691 et
1605 660 1646 691 ad
1672 661 1815 694 unicum
1843 675 1964 697 verum
1990 665 2119 707 Deum,

1132 708 1190 753 qui
1215 707 1316 740 certis
1342 714 1374 740 et
1398 708 1594 741 illustribus
1618 711 1847 755 testimoniis,
1875 722 1907 749 et
1933 717 2117 750 essentiam

1132 770 1227 792 suam
1247 764 1278 791 et
1294 758 1510 791 voluntatem
1529 761 1699 803 patefecit.

1233 807 1305 841 Iam
1330 820 1384 842 res
1409 809 1482 853 ipsa
1507 810 1666 855 loquitur
1681 818 1713 845 et
1733 815 1942 857 experientia
1961 825 2118 861 testatur,

1131 871 1190 892 cor
1212 856 1407 893 humanum
1432 871 1533 904 aegre
1556 861 1627 904 pati
1655 873 1690 895 se
1708 864 1801 898 velut
1818 865 1853 898 in
1871 870 2047 910 angustias
2062 882 2116 904 re-

1131 911 1270 944 dactum
1301 910 1457 953 alligari,
1491 918 1523 945 et
1553 912 1777 948 circumdatis
1809 917 1906 960 quasi
1937 921 2037 953 metis
2061 921 2118 954 in-

1131 961 1245 1000 cludi,
1274 961 1494 1006 vinculisque
1518 964 1722 1007 constringi.
1764 964 1927 1011 Indulget
1944 970 2036 1004 enim
2056 984 2116 1005 cu-

1132 1012 1281 1046 riositati
1318 1024 1462 1057 prorsus
1498 1013 1589 1046 ultra
1629 1017 1773 1049 modum
1813 1025 1845 1052 et
1876 1020 2007 1064 absque
2036 1023 2115 1062 fine,

1131 1064 1237 1103 adeo,
1269 1070 1308 1096 ut
1338 1064 1634 1107 quemadmodum
1670 1066 1829 1101 volucres
1858 1069 1927 1103 iam
1953 1069 2021 1106 huc
2046 1074 2115 1107 iam

1130 1114 1215 1148 illuc
1238 1113 1274 1146 in
1291 1114 1371 1148 ae're
1389 1114 1514 1158 passim
1533 1127 1571 1148 ac
1588 1116 1697 1149 libere
1715 1118 1878 1159 volitant,
1907 1121 1952 1155 ita
1972 1135 2031 1156 cor
2048 1122 2115 1158 hu-

1131 1177 1274 1198 manum
1310 1165 1484 1199 fluctuans
1517 1166 1640 1209 gestiat
1669 1180 1747 1202 cum
1778 1170 2007 1213 opinionibus
2040 1182 2113 1209 tum

1130 1216 1405 1260 appetitionibus
1435 1217 1705 1261 circumvagari,
1748 1221 1870 1262 gestiat
1901 1225 2115 1266 petulantiae

1130 1267 1228 1312 quasi
1250 1267 1347 1300 venti
1371 1267 1475 1299 modo
1500 1264 1569 1301 huc
1593 1270 1698 1303 modo
1722 1270 1807 1305 illuc
1826 1273 1927 1312 ferri,
1956 1277 2049 1320 rapi,
2076 1289 2114 1310 ac

1129 1329 1250 1357 ruere,
1284 1317 1405 1360 gestiat
1437 1318 1553 1351 frenos
1585 1319 1701 1353 laxare
1730 1325 1968 1358 contumaciae
1993 1339 2114 1361 erran-

1130 1368 1218 1400 tium
1243 1368 1487 1411 cupiditatum.
1543 1368 1607 1409 Ut,
1635 1369 1770 1412 David,
1799 1374 1860 1406 etsi
1885 1376 1980 1408 domi
2007 1375 2114 1411 habe-

1130 1420 1187 1452 bat
1210 1418 1328 1462 plures
1352 1419 1517 1461 coniuges
1542 1417 1822 1463 honestissimas,
1848 1430 1881 1457 et
1906 1426 2057 1469 ingeniis
2078 1441 2116 1463 ac

1128 1471 1240 1503 sorma
1276 1476 1508 1513 praestantes,
1545 1477 1662 1504 tamen
1696 1472 1883 1517 indulgens
1909 1479 2116 1521 vagantibus

1127 1519 1239 1553 oculis
1265 1526 1298 1552 et
1322 1520 1618 1563 appetitionibus,
1645 1524 1736 1566 rapit
1759 1525 1826 1559 viri
1849 1529 1981 1570 sancti,
2008 1536 2041 1564 et
2059 1542 2117 1564 ex-

1128 1570 1286 1603 cellentis
1303 1570 1464 1603 omnium
1482 1572 1652 1605 virtutum
1670 1574 1773 1608 laude
1790 1578 1986 1621 coniugem.
2039 1579 2117 1615 Ad-

1129 1632 1249 1654 versus
1291 1618 1497 1653 huiusmodi
1536 1624 1761 1663 vagabundas
1792 1629 2038 1670 cogitationes,
2083 1640 2116 1666 et

1129 1671 1361 1715 appetitiones
1387 1671 1462 1704 sine
1489 1672 1631 1712 ordine,
1665 1675 1706 1706 ad
1739 1676 1805 1708 alia
1830 1685 1934 1722 atque
1960 1681 2027 1713 alia
2052 1683 2117 1715 ob-

1130 1722 1213 1754 iecta
1243 1728 1402 1760 ruentes,
1446 1722 1482 1754 in
1513 1719 1574 1754 hac
1605 1723 1749 1758 Domini
1783 1729 1953 1762 concione
1982 1732 2115 1766 dictum

1128 1780 1192 1806 est:
1225 1771 1356 1805 lntrate
1381 1784 1441 1816 per
1467 1780 1648 1814 angustam
1677 1784 1830 1819 portam,
1860 1777 1925 1812 hoc
1940 1788 2009 1823 est,
2038 1789 2116 1816 tan-

1129 1830 1201 1856 tum
1227 1823 1262 1855 in
1287 1823 1392 1855 verbo
1410 1823 1481 1856 Dei
1502 1834 1563 1857 seu
1587 1824 1680 1858 iuxta
1698 1839 1857 1862 normam
1877 1832 2040 1866 traditam
2060 1835 2116 1867 di-

1128 1874 1280 1913 vinitus,
1307 1874 1496 1907 ambulate.

1230 1920 1361 1958 Cavete
1379 1922 1480 1957 robis
1491 1936 1514 1957 a
1526 1921 1867 1975 Pseudoprophetis,
1896 1932 2116 1979 quicem'unl

1128 1972 1183 2008 ad
1202 1986 1261 2008 vos
1285 1975 1323 2007 in
1350 1973 1569 2009 vestimentis
1593 1977 1733 2021 ovium,
1761 1979 1977 2018 intrinsecus
1994 1991 2114 2021 autem

1126 2030 1212 2059 sunt
1229 2024 1309 2072 lupi
1329 2037 1503 2072 rapaces,
1531 2031 1591 2061 etc.

1229 2076 1539 2119 Quemadmodum
1571 2080 1672 2123 periti
1704 2093 1742 2115 ac
1767 2083 1879 2118 fidelis
1904 2093 1952 2120 est
1977 2090 2125 2137 medici„

1127 2134 1285 2171 aegrotos
1308 2133 1498 2173 utrumque
1521 2142 1682 2176 monere,
1720 2133 1899 2176 videlicet,
1927 2144 1960 2171 et
1984 2141 2113 2183 quibus

1127 2179 1214 2211 cibis
1237 2185 1342 2223 atque
1357 2180 1522 2213 remediis
1540 2184 1710 2215 utendum
1728 2185 1788 2224 sit,
1816 2192 1847 2218 et
1866 2198 1883 2218 a
1902 2199 1970 2231 quo
1988 2201 2112 2231 genere

1128 2229 1198 2262 cibi
1234 2241 1273 2262 ac
1306 2230 1459 2273 potionis
1488 2232 1755 2274 abstinendum,
1802 2236 1931 2277 veluti,
1971 2240 2000 2271 si
2033 2243 2112 2286 quis

1127 2280 1349 2324 febricitans,
1393 2294 1453 2314 seu
1484 2282 1572 2315 febri
1606 2284 1789 2324 laborans,
1822 2298 1966 2330 magnos
1996 2300 2111 2326 aestus

1127 2331 1329 2377 caloresque
1351 2332 1498 2370 sentiat,
1525 2333 1556 2365 ei
1582 2334 1670 2368 solet
1695 2335 1878 2378 interdici,
1906 2347 1944 2373 ut
1965 2343 2110 2377 omnino

1128 2382 1249 2415 vinum
1283 2395 1346 2415 nec
1376 2383 1475 2416 bibat
1508 2395 1570 2416 nec
1598 2383 1780 2419 adhibeat:
1822 2389 1866 2421 ita
1900 2403 2036 2425 necesse
2062 2402 2111 2428 est

1128 2433 1244 2477 pium,
1278 2434 1415 2466 fidelem
1447 2446 1484 2466 ac
1515 2436 1692 2469 eruditum
1725 2435 1899 2473 Ecclesiae
1932 2443 2108 2477 doctorem

1127 2491 1316 2529 utrumque
1349 2491 1538 2528 praestare,
1572 2485 1606 2518 id
1630 2494 1700 2526 est,
1736 2501 1805 2521 non
1832 2496 1968 2524 tantum
1994 2506 2110 2528 veram

1127 2535 1324 2569 doctrinam
1349 2535 1554 2579 simpliciter
1577 2549 1614 2569 ac
1638 2538 1788 2572 fideliter
1813 2553 2029 2585 proponere,
2057 2559 2110 2580 re-

1128 2593 1264 2628 petere,
1292 2594 1324 2620 et
1349 2586 1542 2625 illustrare,
1571 2594 1607 2620 ut
1634 2589 1812 2623 auditores
1836 2604 1909 2624 eam
1930 2596 2109 2639 perspicue

1129 2637 1345 2680 intelligant,
1386 2644 1418 2670 et
1450 2637 1555 2679 gratis
1585 2639 1712 2671 animis
1741 2642 2014 2686 amplectantur,
2052 2651 2111 2682 sed

1128 2689 1320 2732 adiungere
1352 2688 1455 2721 etiam
1490 2687 1780 2731 reprehensiones
1803 2700 1906 2739 atque
1933 2697 2114 2733 refutatio-

1446 2736 1533 2772 48*
