2409 2915
318 103 415 140 1025

421 184 581 220 Primum
609 177 760 216 historia
793 184 1043 224 cognoscatur,
1091 183 1125 211 et
1152 175 1313 214 sciamus,

323 239 417 286 quod
435 234 660 279 singulariter
675 232 843 277 scriptum
859 238 910 265 est
928 231 965 263 in
983 230 1072 273 lege:
1100 227 1314 263 Maledictus

323 290 385 336 qui
403 287 531 333 pendet
548 285 586 318 in
604 284 713 328 ligno.

425 345 503 380 Hoc
537 355 648 391 genus
679 340 844 387 supplicii
877 339 960 374 tulit
988 336 1184 376 Dominus,
1218 337 1312 382 quod

325 397 488 433 omnium
511 395 579 429 fuit
602 394 753 427 maxime
779 391 1086 426 contumeliosum.
1146 388 1215 423 Sed
1241 399 1314 420 non

325 456 463 484 tantum
483 446 746 480 consideremus
769 449 927 476 externas
944 441 1170 475 lacerationes
1189 450 1314 483 corpo-

324 501 390 540 ris,
432 508 636 543 quanquam
666 492 732 528 hae
761 504 902 538 quoque
932 493 1075 526 suerunt
1099 498 1248 529 atroces,
1283 495 1313 521 et

325 549 498 584 maximos
516 547 691 581 cruciatus
709 545 888 583 fecerunt,
923 543 983 577 sed
1003 542 1106 576 etiam
1128 540 1314 574 interiores

327 600 402 634 eius
419 599 558 633 dolores
572 596 845 630 consideremus.
886 592 985 628 Sicut
1001 592 1086 626 foris
1103 590 1313 636 supplicium

325 651 426 693 tulit,
455 649 549 695 quod
567 647 633 681 fuit
649 644 1040 680 contumeliosissimum
1051 670 1059 684 ‚
1086 649 1118 677 et
1134 648 1314 686 propterea

326 702 382 735 lex
397 701 500 741 dicit'‚
527 697 730 732 crucifixum
745 707 817 730 esse
835 695 1077 729 maledictum:
1105 694 1153 727 ita
1171 692 1244 736 ipse
1260 691 1314 724 in-

327 759 384 786 tus
403 751 440 784 in
460 750 564 784 corde
582 748 691 782 sensit
705 747 794 781 iram
813 744 879 780 Dei
897 753 1018 780 contra
1042 750 1161 778 nostra
1178 749 1314 787 peccata

327 813 523 844 summam,
568 800 658 833 sicut
683 794 860 842 Propheta
894 797 996 830 dicit:
1044 794 1209 828 Vidimus
1238 805 1316 827 eum

327 863 530 898 percussum
549 861 569 884 a
583 848 672 884 Deo.
709 847 790 882 Non
808 854 858 881 est
874 847 1047 881 maximus
1065 845 1168 879 dolor
1183 843 1318 892 percuti

329 905 373 937 ab
392 900 610 941 hominibus,
630 907 669 934 ut
679 898 891 933 Laurentius
909 904 960 931 est
975 904 1113 931 tantum
1131 907 1149 929 a
1166 902 1318 941 tyranno

329 953 416 988 foris
435 953 471 986 in
488 962 634 995 corpore
660 949 851 989 cruciatus,
878 960 952 982 non
981 947 1090 981 sensit
1112 946 1208 980 intus
1231 946 1318 979 iram

329 1003 416 1044 Dei,
443 1004 502 1036 sed
519 1002 611 1035 filius
628 1007 678 1033 est
695 1011 713 1032 a
729 997 804 1033 Deo
823 1009 1019 1044 percussus,
1044 1010 1084 1031 ac
1099 997 1208 1031 sensit
1224 996 1321 1030 intus

328 1055 416 1088 iram
436 1052 514 1087 Dei.
568 1051 664 1084 Haec
679 1062 744 1083 nos
757 1061 832 1083 non
850 1049 1100 1093 intelligimus,
1125 1048 1185 1082 sed
1203 1054 1319 1082 tamen

332 1105 389 1149 pie
405 1103 661 1138 consideranda
681 1107 774 1134 sunt.

433 1161 556 1206 Magni
579 1161 719 1195 dolores
742 1158 1005 1202 significantur,
1032 1158 1174 1202 quando
1201 1157 1318 1191 nomi-

329 1221 434 1249 natur
452 1213 544 1246 filius
553 1211 639 1250 Dei,
667 1210 913 1249 maledictum,
940 1208 1030 1243 sicut
1039 1207 1170 1242 Paulus
1188 1208 1321 1254 inquit:

330 1265 458 1299 Factus
473 1270 522 1297 est
539 1274 604 1307 pro
620 1261 724 1295 nobis
746 1260 991 1301 maledictum,
1018 1271 1060 1293 us
1081 1271 1146 1293 nos
1170 1260 1322 1293 redime-

332 1322 385 1349 ret
401 1327 419 1349 a
437 1313 685 1347 maledictione
701 1312 798 1356 legis.

431 1372 527 1406 Haec
548 1372 702 1417 primum
726 1370 912 1414 cogitanda
941 1374 1026 1402 sunt
1051 1368 1094 1401 de
1118 1367 1194 1412 ipso
1215 1366 1322 1400 modo

332 1424 509 1469 supplicii.

434 1473 502 1507 Hic
527 1473 630 1506 etiam
662 1471 851 1516 repetenda
878 1476 928 1504 est
953 1469 1113 1504 doctrina
1139 1469 1182 1501 de
1207 1467 1322 1500 fructu

331 1525 524 1570 passionis,
559 1531 592 1557 et
609 1523 652 1556 de
671 1522 918 1566 applicatione.

433 1582 524 1616 Tota
553 1581 626 1614 vita
649 1578 785 1614 Christi
812 1579 879 1612 suit
904 1579 1008 1622 plena
1033 1575 1257 1621 passionum,
1291 1581 1324 1608 et

332 1633 474 1679 quando
501 1633 544 1665 de
567 1630 727 1676 passione
744 1626 878 1664 Christi
904 1628 1053 1667 dicitur,
1086 1638 1159 1659 non
1185 1631 1322 1660 tantum

332 1684 521 1728 cogitemus
545 1683 588 1715 de
613 1680 855 1720 crucifixione,
893 1680 950 1713 sed
978 1679 1021 1711 de
1045 1683 1117 1711 tota
1143 1677 1217 1711 eius
1241 1676 1324 1717 vita,

334 1736 395 1769 sed
426 1741 543 1768 tamen
568 1729 653 1765 haec
679 1730 857 1765 crucifixio
890 1737 923 1764 et
953 1739 1048 1762 mors
1074 1727 1143 1762 fuit
1171 1733 1324 1761 extrema

331 1797 430 1831 pars,
458 1791 491 1818 et
518 1782 667 1817 maxime
690 1789 802 1816 atrox.
854 1778 900 1815 Et
923 1778 980 1814 hic
995 1776 1158 1813 Christus
1181 1778 1323 1823 pendet,

331 1843 365 1870 et
384 1843 432 1870 est
447 1834 637 1875 Sacerdos,
661 1839 695 1867 et
710 1844 795 1867 crux
812 1838 863 1866 est
884 1832 959 1866 eius
975 1828 1116 1872 Alme,
1141 1829 1180 1862 in
1197 1841 1268 1875 quo
1290 1839 1325 1863 se

335 1887 450 1921 offert.

435 1935 593 1970 Pertinet
616 1940 732 1968 autem
759 1933 802 1966 ad
827 1931 981 1965 officium
1005 1928 1205 1965 Sacerdotis
1236 1929 1324 1963 offe-

332 1987 441 2023 rentis
458 1998 519 2031 pro
536 1985 626 2026 alio,
652 1991 692 2018 ut
711 1983 918 2017 sacrificium
944 1982 988 2015 ad
1015 1982 1112 2014 illam
1137 1992 1323 2025 personam

333 2039 500 2083 applicet,
528 2036 564 2069 id
587 2042 657 2076 est,
682 2041 721 2069 ut
736 2039 841 2078 petat,
867 2040 906 2068 ut
921 2031 1016 2067 Deus
1033 2030 1098 2066 hoc
1116 2031 1323 2066 sacrificium

332 2101 396 2135 pro
414 2089 478 2123 ista
494 2097 642 2132 persona
659 2085 814 2130 recipiat.

447 2189 543 2220 Quae
562 2189 641 2212 sunt
667 2185 782 2217 tgltnr
807 2184 916 2209 verba
936 2183 1216 2215 applicationis»

435 2239 606 2284 Expresse
627 2239 754 2283 scripta
774 2243 855 2271 sunt
873 2237 931 2270 illa
949 2237 1055 2270 verba
1077 2235 1323 2280 applicationis

335 2289 506 2327 lobannis
528 2290 603 2325 17.:
630 2288 706 2333 Ego
726 2301 789 2333 pro
810 2288 858 2322 eis
875 2288 1052 2322 sanctifico
1068 2288 1258 2331 meipsum,
1287 2287 1322 2321 id

335 2351 397 2384 est,
420 2343 483 2377 tibi
502 2341 612 2375 offero
627 2340 812 2383 meipsum.
850 2337 954 2372 Item:
983 2336 1060 2372 Oro
1080 2350 1142 2382 pro
1160 2338 1220 2374 eis.
1253 2337 1325 2372 Nec

335 2406 400 2439 pro
415 2393 464 2427 eis
480 2399 635 2432 tantum,
663 2392 720 2424 sed
748 2391 850 2423 etiam
874 2401 938 2434 pro
960 2388 1146 2430 omnibus,
1172 2389 1232 2434 qui
1249 2401 1324 2423 cre-

336 2446 419 2479 dent
439 2455 499 2488 per
513 2442 659 2476 verbum
678 2452 812 2474 eorum.

439 2502 536 2537 Haec
561 2507 642 2535 sunt
669 2501 774 2534 verba
809 2499 1074 2545 applicationis,
1113 2511 1201 2544 quae
1223 2511 1324 2545 saepe

336 2554 519 2599 cogitanda
536 2559 629 2587 sunt.

438 2611 640 2658 Requirunt
665 2617 781 2644 autem
805 2609 909 2644 simul
935 2610 971 2642 in
995 2609 1099 2643 nobis
1129 2610 1251 2651 fidem,
1285 2617 1325 2645 ut

339 2664 553 2709 applicemus
583 2662 687 2697 nobis
711 2659 778 2695 hoc
813 2661 927 2706 ipsum
957 2660 1176 2695 beneficium.
1248 2659 1324 2706 lpse

912 89 1037 127 PHlL.
1065 87 1181 127 MEL.
1209 86 1421 127 SCRIPTA
1446 85 1748 126 EXEGETICA.

2255 88 2355 129 1024

1366 175 1476 210 donat
1491 175 1558 210 tibi
1574 176 1698 210 merita
1713 186 1795 217 sua,
1822 180 1855 210 et
1873 174 2001 210 clamat
2016 174 2061 209 ad
2079 174 2239 215 Patrem,
2264 182 2302 211 ut
2322 183 2356 211 te
2379 179 2383 186 '

1367 227 1529 270 recipiat,
1555 234 1589 262 et
1611 226 1677 262 tibi
1702 226 1826 261 merita
1850 226 1915 260 ista
1942 226 2071 267 donet,
2104 233 2144 260 ut
2167 233 2205 261 tu
2228 224 2357 262 habeas
2389 234 2396 242 ⁴

1368 278 1608 311 remissionem
1625 284 1848 322 peccatorum
1859 302 1869 316 ‚
1897 283 1930 311 et
1945 278 1991 311 sis
2008 277 2130 312 iustus.
2390 307 2394 315 ,

1470 327 1565 361 Haec
1587 335 1727 372 oportet
1751 335 1783 362 te
1808 329 1876 362 fide
1903 327 2070 372 accipere.
2122 326 2217 362 Haec
2235 328 2359 363 admo·
2394 330 2396 336 '

1367 378 1456 413 nitio
1476 390 1576 422 saepe
1594 379 1631 411 in
1648 379 1808 423 passione
1826 379 2015 424 repetenda
2031 385 2092 412 est.
2394 370 2395 373 Ἴ

1470 436 1539 471 Hic
1565 448 1687 471 rursus
1718 437 1756 470 in
1783 437 1901 471 verbis
1933 435 2067 472 Christi
2101 437 2286 481 pendentis
2321 439 2358 472 in

1369 500 1472 523 cruce
1490 487 1575 522 haec
1591 488 1664 532 ipsa
1680 488 1878 522 admonitio
1902 488 2128 534 proponitur.

1728 589 1796 624 De
1832 587 2005 624 verbis.

1422 656 1543 691 Prima
1560 656 1666 690 verba
1686 655 1723 689 in
1741 668 1841 690 cruce
1857 656 1950 690 dicta
1966 654 2052 691 haec
2068 663 2167 690 sunt:

1370 713 1502 756 Pater,
1529 713 1670 748 dimitte
1693 714 1762 754 eis,
1790 714 1879 762 quia
1904 713 2067 748 nesciunt
2085 711 2180 761 quid
2193 712 2361 762 saciant.

1471 781 1561 816 Ecce
1579 780 1636 816 hic
1653 782 1757 816 etiam
1775 782 1858 816 facit
1872 781 2026 816 officium
2044 780 2256 824 Sacerdotis,
2282 794 2362 827 pre-

1372 841 1470 869 catur
1490 845 1556 877 pro
1582 833 1672 869 aliis.
1730 832 1778 867 Et
1803 844 2005 878 quanquam
2029 832 2239 866 nominatim
2266 845 2362 867 nunc

1372 897 1436 930 pro
1462 885 1537 918 istis
1560 884 1845 927 crucifigentibus
1868 890 2049 928 precatur,
2081 889 2199 916 tamen
2219 890 2257 917 tu
2275 883 2362 918 scias

1372 942 1472 970 antea
1502 947 1582 969 eum
1617 947 1681 980 pro
1714 934 1881 969 omnibus
1915 940 2096 978 precatum
2131 944 2204 967 esse
2229 931 2362 969 Iohan-

1373 987 1429 1020 nis
1459 986 1518 1021 17.

1473 1035 1522 1071 Et
1541 1035 1647 1070 simul
1669 1035 1862 1080 intelligas,
1895 1031 1955 1069 hic
1976 1033 2087 1079 repeti
2113 1035 2260 1069 eandem
2284 1047 2365 1081 pre-

1374 1087 1564 1128 cationem,
1598 1087 1681 1133 quia
1705 1099 1766 1120 cor
1789 1087 1864 1120 eius
1885 1097 1960 1119 non
1982 1085 2096 1119 solum
2119 1097 2160 1119 ex
2178 1086 2272 1128 istis,
2301 1087 2364 1132 qui

1374 1139 1425 1172 ibi
1449 1139 1617 1178 aderant,
1643 1138 1784 1172 volebat
1808 1135 2001 1171 Ecclesiam
2025 1136 2205 1180 colligere,
2241 1137 2301 1170 sed
2323 1149 2364 1171 ex

1373 1195 1447 1223 toto
1464 1200 1589 1233 genere
1607 1187 1774 1224 humano.
1829 1186 1912 1221 Ideo
1929 1187 2078 1231 gemitus
2101 1187 2217 1221 cordis
2234 1184 2367 1222 Christi

1374 1252 1438 1285 pro
1459 1240 1627 1274 omnibus
1654 1240 1778 1274 eodem
1801 1239 1930 1283 modo,
1963 1238 2053 1272 sicut
2077 1250 2141 1283 pro
2164 1237 2252 1280 illis,
2284 1249 2366 1283 pre-

1376 1298 1486 1326 catur.

1478 1339 1618 1375 Rursus
1633 1339 1741 1383 igitur
1758 1336 1816 1373 hic
1834 1338 1982 1373 sciamus
1999 1338 2102 1372 fidem
2118 1338 2302 1384 postulari,
2327 1347 2366 1374 ut

1376 1391 1579 1431 credamus,
1605 1391 1699 1435 quod
1723 1401 1803 1423 vere
1826 1390 1936 1434 prosit
1959 1390 2064 1423 nobis
2091 1387 2175 1424 haec
2197 1390 2366 1424 interces-

1376 1442 1448 1482 sio,
1486 1447 1519 1474 et
1542 1441 1636 1485 quod
1660 1446 1804 1485 propter
1828 1438 1923 1474 hunc
1947 1439 2173 1474 Sacerdotem
2204 1447 2366 1475 nostrum

1375 1491 1608 1535 recipiamur,
1635 1499 1667 1524 et
1682 1492 1871 1526 salvemur.
1916 1489 1997 1523 Non
2015 1497 2151 1525 tantum
2168 1489 2234 1525 hoc
2250 1503 2367 1525 exem-

1376 1543 1475 1586 plum
1499 1542 1633 1575 morale
1656 1539 1714 1574 hic
1738 1541 1868 1582 discas,
1909 1541 2004 1585 quod
2039 1541 2083 1575 sit
2114 1541 2367 1585 ignoscendum

1377 1591 1449 1634 his,
1477 1592 1537 1637 qui
1555 1603 1619 1625 nos
1639 1591 1769 1625 iniuria
1793 1591 1962 1624 afficiunt.
2016 1592 2097 1625 Alia
2123 1592 2236 1627 multo
2254 1594 2368 1628 maior

1376 1643 1536 1677 doctrina
1559 1644 1603 1676 de
1619 1642 1814 1677 sacerdotio
1829 1639 1982 1682 Christi,
2007 1649 2042 1676 et
2057 1643 2100 1677 de
2119 1642 2367 1679 intercessione

1377 1707 1440 1739 pro
1458 1693 1562 1727 nobis
1577 1691 1634 1727 hie
1655 1693 1840 1740 cogitetur.
1891 1691 1937 1725 Et
1954 1692 2039 1727 fides
2058 1694 2244 1735 excitetur,
2270 1696 2367 1741 quod

1376 1751 1521 1790 propter
1536 1742 1631 1778 hunc
1641 1743 1865 1778 Sacerdotem
1883 1742 2105 1788 recipiamur.
2156 1743 2237 1779 Non
2253 1746 2368 1781 solum

1377 1797 1456 1830 ideo
1480 1793 1537 1829 hic
1564 1795 1713 1840 pendet,
1756 1801 1795 1828 ut
1824 1795 1945 1827 doceat
1975 1806 2041 1828 nos
2069 1795 2274 1840 patientiam
2303 1808 2368 1831 suo

1377 1847 1558 1891 exemplo,
1584 1846 1645 1880 sed
1663 1852 1702 1880 ut
1718 1845 1763 1880 sit
1780 1845 1934 1890 pretium
1961 1857 2025 1890 pro
2049 1846 2172 1889 nobis,
2205 1853 2240 1882 et
2264 1859 2368 1883 causa

1377 1898 1500 1932 salutis
1519 1903 1670 1931 nostrae.

1480 1946 1526 1982 Et
1542 1954 1679 1982 tantum
1705 1948 1748 1981 de
1773 1946 1898 1992 primis
1923 1946 2060 1989 verbis,
2094 1955 2213 1993 postea
2228 1949 2272 1984 de
2288 1950 2367 1985 aliis

1377 1999 1482 2034 etiam
1501 1999 1627 2033 dicam.

1480 2051 1514 2085 8.
1568 2048 1760 2083 Personae:
1812 2045 1986 2087 Ecclesia,
2023 2055 2063 2083 ut
2086 2048 2222 2091 Maria,
2254 2061 2367 2093 soror,

1379 2098 1576 2140 lohannes,
1603 2107 1635 2134 et
1652 2098 1764 2144 aliqui
1782 2098 1856 2134 alii.

1476 2150 1603 2185 Hostes
1620 2149 1722 2184 multi
1741 2156 1840 2189 sunt,
1868 2150 1928 2183 alii
1949 2151 2156 2195 crucifigunt
2172 2162 2233 2186 sua
2247 2163 2368 2193 manu.

1375 2202 1435 2235 alii
1452 2202 1629 2241 derident.
1682 2199 1732 2234 lta
1749 2201 1786 2235 fit
1807 2201 1844 2234 in
1866 2202 2018 2243 mundo,
2045 2209 2083 2237 ut
2106 2209 2224 2248 postea
2245 2215 2367 2239 rursus

1375 2254 1502 2288 dicam.

1478 2303 1514 2340 4.
1566 2301 1647 2337 Duo
1663 2303 1828 2337 latrones.

1482 2354 1578 2389 lnter
1598 2354 1679 2388 illos
1702 2361 1913 2399 spectatores
1940 2360 2057 2389 tamen
2085 2355 2196 2402 aliqui
2218 2369 2366 2393 conver·

1377 2412 1520 2447 tuntur,
1547 2412 1585 2440 ut
1600 2405 1689 2439 latro
1707 2412 1739 2439 et
1756 2405 1926 2440 centurio.

1479 2456 1530 2491 Ac
1546 2456 1733 2502 praecipue
1747 2456 1923 2490 discamus
1944 2456 2143 2492 doctrinam
2161 2459 2205 2493 de
2218 2458 2367 2496 latroni-

1375 2509 1440 2542 bus
1457 2505 1523 2541 hoc
1539 2508 1628 2542 loco.

1481 2558 1539 2593 lsti
1561 2559 1631 2592 duo
1647 2559 1800 2592 latrones
1824 2558 2021 2601 significant
2037 2566 2149 2594 totum
2167 2551 2277 2604 genus
2296 2559 2365 2597 hu-

1375 2622 1540 2649 manum.
1567 2610 1603 2642 in
1631 2609 1729 2642 cuius
1752 2609 1869 2643 medio
1895 2611 2024 2653 pendet
2037 2608 2218 2653 Christus,
2244 2613 2306 2660 qui
2327 2613 2365 2649 fit

1375 2674 1437 2705 pro
1455 2661 1557 2695 nobis
1575 2660 1714 2694 victima
1726 2687 1735 2703 ‚
1762 2673 1841 2695 cum
1861 2660 1932 2706 ipse
1948 2661 1994 2696 sit
2011 2661 2194 2699 innocens.
