2409 2915
29 257 32 293 ἶ
82 267 126 299 de
147 265 276 299 sanctis
294 272 327 299 et
345 264 473 298 sentire
489 270 521 297 et
539 263 657 308 loqui,
684 264 756 298 imo
773 264 1019 308 profanitatem
1038 271 1071 298 et

27 336 32 347 ‹
82 323 299 350 contemtum
334 314 473 359 pietatis
509 313 738 355 confirmare,
782 313 849 349 hoc
881 322 1070 359 praetextu,

81 367 178 413 quod
207 378 279 400 non
301 365 538 409 approbamus
559 365 819 410 invocationem
846 373 1068 400 mortuorum

37 416 40 424 '
80 416 266 452 hominum
285 422 348 449 etc.
402 413 493 449 Cum
517 422 634 449 tamen
657 416 700 449 de
725 417 853 450 sanctis
871 423 905 450 et
919 417 1068 450 actioni-

79 469 145 503 bus
175 479 235 501 seu
261 465 430 510 operibus
454 466 587 499 divinis
611 466 649 498 in
674 473 874 500 sanctorum
900 468 1068 501 cordibus

78 518 189 552 multo
205 517 395 561 loquamur
411 517 557 555 rectius,
584 514 874 552 honorificentius
891 530 930 551 ac
947 518 1066 562 splen-

77 567 194 603 didius
218 579 324 612 quam
349 567 427 611 ipsi.
481 566 588 608 Item,
614 580 693 601 cum
709 569 802 612 apud
819 575 953 602 exteros
969 580 1065 612 reges

23 639 25 642 -
75 628 348 663 praegravamur
371 615 435 651 hac
459 618 763 661 impudentissima
780 619 976 659 calumnia,
1003 631 1063 654 seu

24 664 32 718 J
75 668 191 702 verius
206 669 389 702 manifesto
407 669 609 708 mendacio,
637 671 731 714 quod
750 669 906 703 laxemus
921 670 1060 703 vincula

24 729 30 758 ’,ι
73 719 240 763 coniugii,
267 719 475 763 disciplinae
491 727 553 755 etc.
607 720 682 753 Nec
698 727 748 753 est
765 720 845 753 finis
861 727 921 754 aut
936 722 1061 754 modus

70 770 236 804 falsarum
273 770 585 815 criminationum,
636 768 906 815 sophisticarum
935 772 1059 815 depra-

22 817 28 856 ’,
71 820 253 855 vationum
274 827 307 855 et
327 821 675 855 venenatissimarum
695 822 963 857 calumniarum.

174 870 482 914 Quemadmodum
506 872 613 915 igitur
636 879 750 906 textus
767 871 935 906 Proverb.
952 872 986 907 6.
1002 872 1058 905 in-

20 920 27 962 “J
70 922 163 968 quit:
198 921 313 956 Deum
336 923 534 956 abominari
558 930 710 957 serentes
734 930 766 956 et
792 924 978 957 excitantes
1003 924 1057 956 di-

69 973 240 1007 scordias:
269 973 317 1007 ita
336 972 512 1007 Dominus
536 971 593 1006 hic
616 974 699 1007 dicit
718 981 888 1019 tanquam
905 986 922 1007 e
941 974 1055 1017 regio-

15 1031 17 1073 }
68 1035 131 1063 ne,
157 1024 291 1068 pacifici
318 1031 401 1058 sunt
424 1025 486 1057 filii
508 1024 591 1064 Dei,
619 1025 700 1069 quia
725 1025 885 1069 proxima
909 1025 1056 1058 societas

15 1079 18 1085 “
68 1081 104 1109 et
135 1075 312 1119 copulatio
344 1087 424 1108 cum
447 1073 522 1108 Deo
550 1081 598 1108 est
622 1076 701 1116 illa,
735 1076 778 1108 de
802 1087 870 1120 qua
894 1082 1056 1119 precatur

68 1123 232 1159 Christus
255 1124 431 1159 Dominus
457 1123 581 1159 lohan.
607 1126 682 1160 17.:
719 1125 765 1159 Ut
790 1126 859 1160 sint
885 1138 995 1159 unum
1017 1126 1053 1158 in

14 1194 23 1207 ω
68 1175 192 1217 nobis,
228 1176 315 1209 sicut
340 1183 436 1220 pater
458 1176 496 1208 in
520 1188 594 1217 me,
627 1183 658 1210 et
685 1188 747 1219 ego
771 1177 807 1208 in
834 1183 942 1220 patre.
1007 1177 1053 1209 At

66 1226 181 1260 Filius
196 1225 261 1260 Dei
279 1227 501 1269 unigenitus,
528 1233 577 1260 est
594 1234 737 1265 natura,
765 1238 844 1269 seu,
871 1227 1054 1260 nativitate

19 1282 21 1323 j
67 1277 170 1312 filius,
237 1276 309 1310 Nos
342 1289 424 1309 vero
455 1276 518 1310 filii
549 1277 719 1309 efficimur
745 1276 952 1320 adoptione,
985 1274 1052 1310 hoc

20 1326 21 1337 ³
66 1334 135 1368 est,
167 1334 335 1372 tauquam
360 1327 423 1359 filii
446 1333 479 1360 et
502 1325 670 1360 haeredes
695 1327 731 1359 in
753 1327 900 1370 gratiam
925 1327 1052 1371 recipi-

65 1389 146 1411 mur
174 1388 236 1421 per
267 1377 368 1409 fidem
401 1377 439 1409 in
464 1375 665 1416 Christum,
701 1388 760 1410 seu
793 1377 919 1410 fiducia
946 1375 1051 1411 huius

64 1427 238 1472 unigeniti
255 1426 336 1460 Filii
362 1428 464 1461 nohis
483 1428 616 1462 donati.
671 1427 739 1462 Sed
758 1435 875 1471 postea
892 1440 970 1461 cum
988 1440 1051 1473 pa-

64 1479 153 1513 cifici
175 1490 313 1519 sumus,
341 1479 377 1511 in
403 1476 494 1512 hanc
519 1479 727 1513 sententiam
745 1479 973 1512 nominamur
987 1479 1051 1512 filii

62 1529 147 1569 Dei,
182 1536 222 1563 ut
249 1540 379 1572 organa
402 1529 586 1569 salutaria,
620 1542 681 1574 per
704 1541 792 1575 quae
816 1529 912 1563 Deus
936 1530 1051 1571 efficit,

64 1587 97 1614 et
121 1588 305 1625 promovet
328 1592 464 1624 pacem,
497 1587 554 1621 ut,
582 1592 659 1614 cum
683 1582 842 1613 doctores
867 1580 901 1612 in
928 1578 1050 1613 Eccle-

64 1631 133 1672 sia,
159 1631 356 1664 ministerio
381 1630 483 1664 Pauli
511 1631 672 1674 Apostoli
694 1631 880 1664 scribentis
906 1632 948 1663 ad
975 1630 1049 1664 Ga-

62 1683 166 1723 latas,
193 1682 411 1714 reducuntur
434 1682 471 1714 iu
496 1681 719 1714 concordiam
742 1687 773 1714 et
791 1682 883 1725 piam
902 1693 1050 1714 consen-

62 1733 209 1766 sionem.
261 1732 352 1770 Aut,
379 1744 458 1764 cum
480 1729 655 1764 lohannes
680 1729 902 1773 Evangelista
927 1730 1048 1764 Eccle-

64 1783 132 1817 sias
164 1782 202 1814 in
227 1779 311 1814 Asia
343 1781 560 1819 coniungens
591 1782 848 1813 consentientes
881 1781 985 1813 efficit
1012 1793 1048 1814 ac

64 1832 255 1867 concordes
280 1831 446 1864 adversus
470 1830 669 1864 Hebionem
701 1838 733 1864 et
757 1829 965 1864 Cerinthum
991 1831 1048 1870 ita,

62 1891 102 1919 ut
127 1883 291 1926 deinceps
316 1882 476 1915 doctores
496 1879 683 1915 orthodoxi
709 1893 779 1914 una
801 1893 884 1914 voce
912 1894 950 1914 ac
967 1893 1047 1914 sen-

62 1934 172 1969 tentia
211 1933 461 1971 confiteantur,
510 1939 614 1978 atque
652 1933 801 1966 doceant
839 1932 876 1964 in
908 1929 1047 1966 Christo

62 1993 248 2029 utramque
271 1990 434 2017 naturam
459 1995 531 2017 esse
556 1990 588 2017 et
612 1995 772 2023 manere,
800 1983 955 2016 divinam
982 1983 1047 2016 sci-

62 2037 143 2069 licet
161 2042 194 2068 et
211 2032 413 2069 humanam.

164 2084 377 2117 Huiusmodi
408 2085 642 2127 pacificatores
666 2091 748 2118 sunt
768 2083 833 2118 filii
861 2082 946 2125 Dei,
981 2082 1047 2117 hoc

63 2136 262 2173 intellectu,
291 2135 383 2178 qnod
409 2135 443 2167 in
465 2135 513 2168 eis
529 2143 561 2169 et
580 2148 640 2179 per
658 2148 715 2168 eos
733 2142 782 2169 est
797 2135 928 2170 efficax.
976 2134 1048 2168 'Nec

64 2188 251 2230 affingatur
281 2185 393 2218 aliena
430 2185 670 2230 interpretatio
702 2184 757 2219 his
784 2185 915 2218 verbis:
953 2184 1046 2227 Quia

63 2239 126 2272 filii
159 2236 224 2270 Dei
258 2236 496 2273 vocabuntur,
533 2236 676 2279 perinde
707 2248 744 2269 ac
775 2236 804 2268 si
825 2235 955 2268 Paulus
987 2242 1047 2269 aut

63 2287 240 2323 lohannes
264 2287 347 2319 flant
371 2286 511 2319 filiiDci
537 2299 597 2331 per
614 2283 679 2319 hnc
693 2298 794 2319 suum
812 2286 1044 2319 ministerium

62 2337 330 2385 pacificationis,
359 2349 436 2370 cum
455 2337 551 2380 prius
567 2339 602 2370 iu
619 2337 764 2379 gratiam
781 2337 910 2380 recepti
927 2349 965 2370 ac
983 2337 1045 2369 filii

63 2391 144 2425 facti
171 2390 239 2422 sint
265 2389 351 2429 fide,
375 2389 436 2425 sed
463 2388 725 2431 intelligantur,
749 2395 887 2431 accepta
907 2387 972 2419 iam
992 2399 1046 2420 re-

65 2441 230 2474 missione
260 2446 500 2483 peccatorum‚
533 2451 610 2472 cum
645 2439 681 2471 in
714 2450 774 2471 sua
804 2438 984 2471 functione
1009 2450 1046 2470 ac

65 2491 261 2526 ministerio
292 2490 387 2534 pacis
409 2497 442 2523 et
468 2490 675 2523 concordiae
698 2489 774 2532 piae
802 2496 883 2522 sunt
908 2495 1046 2522 autores

3 2572 7 2587 ,
68 2549 168 2588 atque
196 2547 431 2587 promotores=
465 2547 549 2574 tunc
579 2541 682 2574 etiam
708 2551 779 2573 esse
805 2540 866 2572 filii
893 2538 974 2579 Dei,
1008 2547 1045 2573 ut

2 2590 5 2643 l
69 2603 193 2636 organa
217 2604 278 2626 seu
301 2591 534 2625 instrumenta
551 2591 736 2631 salutaria,
765 2603 825 2634 per
843 2603 930 2636 quae
947 2590 1045 2624 Deus

1 2647 5 2739 J
68 2641 188 2684 efficit,
216 2650 248 2677 et
270 2642 422 2676 restituit
448 2653 565 2685 pacem
592 2643 628 2674 in
646 2641 822 2675 Ecclesiis.
877 2640 932 2674 Ad
951 2639 1045 2676 hunc

115 2694 289 2726 Mutant.
309 2695 411 2726 Oeta.
440 2695 523 2727 Vot.
542 2692 636 2726 XIV.

32 99 36 111 .
85 78 160 115 577
337 76 425 113 XII.
479 73 869 114 ANNOTATIONES
895 74 962 111 ET
987 73 1269 114 CONCIONES
1297 76 1347 114 IN
1373 76 1565 121 EVANG.⁴
1588 81 1866 123 MATTHAEI.
2044 90 2117 126 578

28 149 37 211 'A
83 164 293 199 veteratorie
323 163 546 209 depravanda
569 162 721 196 aliorum
742 162 888 196 consilia
913 169 944 196 et
969 164 1072 202 facta,
1125 163 1270 196 modum
1287 163 1542 201 Constantinus
1562 167 1755 213 imperator
1771 179 1821 206 est
1837 173 2010 217 pacificus,
2037 188 2114 211 cum

35 214 37 220 ’
81 222 122 250 ut
145 227 223 248 cum
241 214 403 259 Papistae
424 213 624 251 clamitant,
651 224 716 246 nos
734 225 858 258 parum
876 211 1072 248 honorifice
1124 215 1219 247 velut
1252 214 1390 249 iniectis
1416 217 1523 250 frenis
1546 220 1706 263 reprimit
1731 229 1834 268 atque
1861 228 1994 260 coercet
2017 226 2114 260 Lici—

1124 264 1242 305 nium,
1285 277 1329 298 ne
1368 275 1489 310 pergat
1530 281 1693 304 exercere
1735 274 1914 308 saevitiam
1948 277 2113 311 adversus

1121 312 1353 351 Christianos,
1410 316 1516 358 Item,
1549 326 1666 362 postea
1691 325 1834 366 qnando
1862 333 1958 360 curat
1983 328 2019 360 in
2044 328 2112 374 Sy-

1121 366 1216 399 nodo
1248 365 1398 407 Nicena,
1440 368 1643 403 diiudicatis
1673 376 1920 409 controversiis
1949 379 2110 412 ecclesia-

1121 415 1232 456 sticis,
1260 417 1375 450 sanari
1394 418 1586 452 discordias
1603 427 1636 454 et
1652 425 1874 457 concordiam
1894 426 1928 459 in
1948 429 2109 463 doctrina

1119 467 1267 501 restitui.
1322 466 1385 502 Est
1409 469 1504 502 enim
1522 482 1602 503 vere
1617 469 1682 504 Dei
1702 485 1871 516 organum
1892 476 1928 509 in
1948 475 2013 512 hoc
2031 480 2107 512 offi-

1118 517 1172 551 cio
1199 529 1260 551 seu
1291 530 1437 552 munere
1468 521 1740 564 pacificationis,
1771 527 1908 559 tametsi
1939 528 2036 571 prius
2069 530 2105 563 in

1117 568 1263 611 gratiam
1286 576 1446 613 receptus
1467 577 1499 604 et
1524 584 1640 604 coram
1660 572 1735 607 Deo
1759 575 1870 610 iustus
1895 578 1939 611 sit
1962 578 2028 612 fide
2046 591 2104 613 scu

1116 619 1242 652 fiducia
1266 620 1479 656 mediatoris.
1533 621 1622 655 Nam
1649 620 1708 657 hic
1729 631 1858 659 textus:
1886 625 1987 662 Beati
2011 631 2104 674 paci—

1115 670 1187 710 fici,
1223 670 1305 715 quia
1331 671 1393 704 filii
1419 670 1484 704 Dei
1509 673 1744 716 vocabuntur,
1775 676 1935 722 loquitur
1958 680 2000 712 de
2020 681 2103 713 sun-

1114 720 1290 754 ctionibus
1316 727 1348 755 et
1371 721 1575 755 ministeriis
1589 750 1598 763 ,
1628 736 1717 768 quae
1734 735 1930 771 sequuntur
1946 729 1984 763 in
2002 730 2101 765 iustis

1113 783 1151 804 ac
1184 772 1422 816 placentibuS,
1457 773 1518 817 qui
1549 773 1617 805 iam
1650 775 1692 807 ad
1717 774 1830 809 Deum
1856 781 2033 821 conversi,
2068 789 2100 816 et

1113 822 1180 855 fide
1223 820 1509 866 apprehendente
1547 821 1728 858 Christum
1771 828 1991 871 unigenitum
2033 831 2098 865 Dei

1112 871 1241 906 Filium
1259 873 1433 907 iustificati
1451 885 1511 907 seu
1527 876 1742 909 reconciliati
1762 885 1852 913 sunt.

1214 922 1318 956 Tales
1342 921 1407 956 hoc
1431 924 1507 958 loco
1531 926 1762 960 nominantur
1785 928 1849 961 filii
1865 927 1950 971 Dei,
1978 931 2011 964 id
2037 939 2097 973 est,

1110 985 1239 1017 organa
1248 973 1313 1007 Dei
1331 975 1508 1008 salutaria.
1561 975 1668 1018 Quod
1685 984 1736 1012 est
1751 978 1874 1023 ingens
1888 981 2095 1015 beneficium

1109 1025 1271 1058 divinum
1289 1032 1321 1058 et
1339 1025 1515 1068 singulare
1532 1026 1648 1062 decus.

1152 1136 1264 1170 Beati
1281 1138 1345 1181 qui
1358 1139 1565 1181 patiuntur
1583 1141 1883 1182 persecutionem
1901 1148 2056 1188 propter

1496 1191 1703 1223 iusticiam.

1338 1263 1405 1297 De
1432 1263 1664 1298 scandalo
1692 1268 1860 1301 crucis.

1208 1326 1327 1361 Primo
1356 1329 1546 1362 dicendum
1572 1336 1638 1369 est,
1672 1331 1767 1375 quod
1790 1339 1924 1366 constet
1949 1335 2091 1368 univer-

1105 1388 1176 1409 sam
1204 1378 1411 1422 sapientiam
1442 1379 1590 1413 rationis
1615 1377 1789 1413 humanae
1814 1383 1950 1416 duriter
1976 1385 2090 1418 offen-

1104 1428 1158 1467 di,
1198 1430 1398 1472 perturbari
1432 1437 1465 1464 et
1494 1431 1736 1473 obstupefieri,
1772 1432 1966 1467 intuentem
1999 1432 2090 1469 hanc

1104 1486 1279 1512 aeternam
1328 1480 1497 1525 speciem,
1557 1481 1738 1523 videlicet,
1795 1486 1889 1528 quod
1934 1484 2089 1520 Ecclesia

1104 1529 1244 1563 videtur
1277 1531 1425 1564 miseriis
1454 1539 1637 1569 oneratus,
1673 1533 1860 1577 dissipatus
1888 1541 1920 1568 et
1945 1538 2089 1570 concul-

1104 1587 1199 1613 catus
1228 1592 1289 1614 seu
1319 1593 1505 1625 oppressus
1531 1589 1667 1620 coetus,
1702 1595 1741 1616 ac
1764 1586 1966 1627 praesertim
1993 1589 2088 1631 quod

1104 1631 1288 1674 praecipua
1316 1632 1449 1664 lumina
1469 1639 1500 1664 et
1519 1632 1722 1665 excellentia
1742 1635 1897 1668 membra
1913 1635 2088 1671 Ecclesiae

1103 1681 1291 1714 crudeliter
1322 1682 1581 1715 interficiuntur
1612 1688 1779 1727 tanquam
1804 1696 1822 1717 a
1849 1683 1924 1719 Deo
1948 1687 2086 1733 reiecta,

1104 1738 1135 1763 et
1166 1730 1301 1773 piacula
1333 1743 1391 1764 seu
1418 1729 1629 1765 catharmata
1663 1736 1872 1776 execranda,
1915 1743 1953 1770 ut
1982 1736 2087 1780 Abel,

1104 1779 1242 1820 Esaias,
1283 1780 1468 1822 Ieremias,
1507 1780 1686 1824 Christus,
1727 1783 1868 1826 Petrus,
1910 1785 2086 1823 lohannes

1102 1829 1269 1874 Baptista.
1338 1833 1518 1865 Adversus
1549 1830 1614 1865 hoc
1644 1835 1849 1868 scandalum
1872 1848 2009 1871 necesse
2036 1847 2085 1874 est

1103 1893 1166 1914 nos
1191 1889 1280 1915 recte
1304 1882 1541 1925 praemonitos
1565 1889 1596 1916 ct
1621 1886 1860 1927 praemunitos
1884 1899 1965 1922 esse.
2032 1888 2084 1923 Ac

1101 1932 1248 1964 omnino
1279 1933 1428 1965 sciamus
1452 1940 1587 1966 tantum
1613 1934 1650 1966 in
1674 1936 1781 1969 verbo
1803 1934 1868 1970 Dei
1892 1947 2082 1983 propagato

1102 1995 1162 2026 per
1193 1981 1329 2023 Patres,
1371 1981 1582 2027 Prophetas,
1619 1982 1798 2019 Christum
1829 1995 1860 2022 et
1892 1986 2082 2033 Apostolos

1101 2033 1288 2065 monstrari
1315 2045 1412 2066 veras
1438 2045 1573 2072 causam,
1611 2047 1718 2079 quare
1743 2037 1867 2071 durius
1892 2048 2082 2082 prematur,

1101 2090 1134 2116 et
1160 2084 1195 2115 in
1218 2081 1281 2116 hac
1304 2084 1443 2118 mortali
1471 2084 1540 2117 vita
1567 2086 1719 2120 subiecta
1741 2089 1835 2121 cruci
1850 2089 1894 2122 sit
1913 2089 2081 2133 Ecclesia,

1101 2135 1158 2166 sed
1184 2134 1352 2167 iudicium
1376 2135 1523 2168 rationis
1550 2132 1724 2169 humanae
1742 2139 1925 2177 reclamat,
1954 2147 1985 2174 et
2013 2139 2079 2174 hoc

1100 2185 1204 2217 modo
1236 2185 1406 2229 disputat:
1451 2185 1554 2218 lustis
1579 2188 1740 2230 congruit
1764 2189 1853 2222 bene
1875 2201 1963 2230 csse,
2007 2191 2080 2225 Nos

1100 2246 1220 2268 sumus
1237 2235 1336 2276 iusti,
1362 2235 1456 2280 Ergo
1474 2237 1686 2270 debebamus
1713 2249 1784 2271 esse
1801 2239 1875 2272 sine
1901 2240 2079 2275 calamita-

1100 2287 1211 2324 tibus,
1252 2287 1397 2328 florere,
1433 2288 1501 2320 frui
1532 2288 1676 2331 opibus,
1712 2289 1841 2332 gloria,
1876 2293 2078 2337 tranquilli-

1099 2344 1167 2371 tate
1185 2343 1247 2371 etc.

1202 2387 1334 2421 Verum
1357 2389 1514 2422 doctrina
1533 2388 1738 2434 Evangelii,
1764 2403 1851 2436 quae
1870 2399 1917 2425 est
1937 2393 2076 2437 sapien-

1098 2438 1144 2472 tia
1170 2437 1343 2473 Ecclesiae
1367 2439 1528 2482 propria‚
1557 2440 1827 2474 declarationem
1854 2442 1972 2477 tradit.
2026 2442 2078 2478 Ac

1098 2489 1252 2533 primum
1277 2491 1463 2533 respondet
1488 2491 1530 2522 ad
1558 2492 1724 2524 maiorem
1749 2503 1808 2524 seu
1831 2493 1962 2526 dictum
1984 2493 2079 2538 legis,

1098 2539 1202 2574 Iustis
1233 2541 1335 2574 debet
1360 2541 1448 2573 bene
1472 2551 1554 2575 esse.
1622 2541 1659 2574 Id
1687 2553 1807 2575 verum
1834 2550 1901 2583 est,
1935 2543 2078 2587 scilicet,

1098 2591 1125 2624 si
1152 2603 1223 2625 non
1244 2590 1408 2624 haereant
1427 2590 1462 2623 in
1482 2591 1580 2623 iustis
1596 2593 1724 2635 peccati
1744 2592 1932 2638 reliquiae,
1960 2594 1989 2627 si
2006 2595 2077 2630 sint

1097 2653 1240 2686 prorsus
1270 2654 1287 2675 a
1322 2647 1462 2686 peccato
1495 2641 1645 2678 liberati.
1706 2642 1776 2677 Sed
1803 2656 1868 2677 vox
1892 2643 2076 2689 Evangelii

1518 2691 1567 2725 37
