2409 2915
231 87 327 125 1147

229 187 303 209 esse
327 186 367 207 ex
391 181 512 216 grege,
540 169 575 201 id
593 174 661 209 est,
690 178 729 200 ex
747 176 896 199 numero
912 164 1060 198 fratrum
1074 190 1084 205 ,
1111 164 1218 198 adeo·-

231 238 298 271 que
315 232 345 257 et
362 225 504 256 fratrem
523 230 613 253 esse:
648 217 718 252 Nec
738 217 773 249 id
792 216 918 257 modo,
944 216 1004 248 sed
1022 226 1084 258 per
1100 215 1218 249 omnia

230 276 379 310 similem
400 274 527 306 sactum
554 269 677 309 nobis,
704 275 737 301 et
765 273 936 301 tentatum
961 266 1154 299 secundum
1172 266 1219 299 si-

230 325 469 359 militudinem
488 321 564 355 sine
582 326 720 365 peccato
732 345 740 359 ,
764 324 803 352 ut
819 324 851 351 et
867 316 994 350 fiducia
1008 322 1220 361 augerentur

232 377 338 410 corda
354 373 570 408 credentium
587 370 816 404 commissura
840 379 876 401 se
898 368 1020 406 fratri,
1055 375 1088 402 et
1115 367 1220 401 scire·
1274 371 1444 409 concepto
1470 363 1619 398 renasci.

231 439 328 466 mus,
356 426 456 458 illum
473 421 646 467 compati,
673 420 754 466 quia
772 419 893 463 etipse
910 429 1033 466 passus
1049 418 1104 453 sit.

332 475 508 520 Septimo:
563 473 725 506 universa
763 470 976 507 multitudo,
1020 468 1042 503 i.
1067 481 1096 505 e.
1125 474 1221 502 totus

232 527 337 561 lsrael
363 539 402 560 ex
424 525 587 569 gentibus
616 529 649 556 et
674 521 821 556 Iudaeis.
876 517 1032 553 Octavo:
1066 531 1145 553 cum
1172 518 1221 551 sic

231 578 410 623 loquitur,
437 575 538 621 quasi
556 575 701 608 unicum
718 583 848 616 agnum
873 571 1037 605 universa
1059 569 1221 604 multitu—

231 631 276 663 do
295 628 401 662 simul
420 627 598 664 immolet,
625 637 703 658 cum
723 631 840 657 tamen
860 622 897 655 in
914 621 1061 665 singulis
1077 621 1148 654 sere
1165 631 1222 653 ae-

232 681 337 713 dibus
359 678 490 721 singuli
515 676 595 720 agni
621 681 876 708 mactarentur:
930 673 989 706 sed
1016 672 1063 705 ita
1098 670 1224 704 maluit

231 731 350 775 loqui,
375 737 413 763 ut
431 728 617 767 indicaret,
644 726 764 759 multis
790 725 860 757 illis
879 724 1023 757 unicum
1041 720 1222 757 Christum

231 779 497 826 repraesentari.
549 777 671 812 Nono:
707 775 924 813 immolabit,
954 774 1027 807 scil.
1050 785 1112 817 per
1138 784 1224 806 con—

231 833 417 866 sessionem
435 829 537 870 fidei,
564 841 626 872 per
644 827 939 872 praedicationem
956 823 1161 867 Evangelii,
1185 829 1223 857 ut

231 883 360 917 Psalm.
381 880 526 915 XLIX.:
557 879 702 912 lmmola
724 879 801 911 Deo
820 875 1028 909 sacrificium
1046 874 1173 910 laudis.

333 932 500 966 Decimo:
530 931 572 964 ad
592 940 782 973 vesperam.
824 926 976 970 Vespera
994 925 1068 958 fere
1083 925 1119 958 in
1137 925 1225 958 scri-

231 984 344 1029 pturis
368 982 539 1026 significat
564 987 699 1024 tempus
723 977 978 1016 novissimum,
1015 988 1085 1021 quo
1102 974 1223 1010 Evan-

232 1035 361 1079 gelium
396 1041 538 1066 eatenus
573 1030 818 1064 absconditum
851 1028 1043 1061 revelatum
1074 1033 1145 1067 est,
1185 1033 1225 1060 ut

233 1085 324 1120 Gen.
354 1083 431 1117 lll.:
491 1081 580 1117 Cum
618 1081 798 1114 audissent
839 1091 959 1112 vocem
993 1078 1131 1111 domini
1157 1076 1223 1111 Dei

232 1135 498 1170 deambulantes
535 1134 571 1166 in
604 1132 766 1176 paradiso
796 1130 943 1175 vesperi.
1011 1127 1224 1163 Undecimo:

233 1194 268 1222 et
298 1193 437 1220 sument
469 1186 512 1218 de
545 1183 715 1227 sanguine
742 1182 827 1215 eius.
892 1179 1094 1226 Hyssopum
1128 1180 1226 1213 iubet

232 1238 344 1271 imbui
363 1237 545 1280 sanguine,
575 1247 644 1279 quo
659 1234 789 1267 deinde
801 1233 1057 1276 adspergantur
1068 1238 1182 1275 postes
1193 1236 1226 1263 et

233 1290 353 1322 limen.
387 1287 550 1333 Hyssopo
569 1284 802 1328 Evangelium
821 1282 1028 1327 significari,
1057 1282 1110 1315 vel
1128 1281 1227 1314 Psal-

232 1352 310 1373 mus
327 1339 366 1373 L.
384 1345 546 1372 testatur:
575 1337 756 1380 Adsperge
772 1347 838 1374 me,
866 1334 1028 1374 domine,
1056 1330 1225 1378 hyssop03

232 1391 369 1425 auditui
399 1402 476 1422 meo
501 1388 601 1422 dabis
623 1386 790 1429 gaudium
816 1383 1010 1426 Evangelio
1040 1395 1124 1415 vero
1146 1394 1226 1415 san-

234 1443 312 1486 guis
355 1439 487 1473 Christi
545 1437 766 1481 adspergitur
811 1434 978 1468 cordibus
1024 1433 1227 1466 electorum.

234 1491 408 1536 Adspergi
431 1502 512 1523 vero
530 1487 701 1531 sanguine
717 1484 849 1521 Christi
865 1492 913 1518 est
934 1484 1161 1522 sanctificari,
1189 1490 1228 1516 ut

237 1546 267 1578 1.
280 1543 373 1576 Petr.
387 1541 426 1576 l.:
458 1540 497 1573 ln
515 1538 825 1572 sanctificationem
844 1535 987 1580 spiritus
1002 1534 1039 1567 in
1057 1535 1228 1567 obedien-

234 1595 319 1629 tiam
339 1599 372 1626 ct
390 1591 653 1636 adspersionem
671 1587 852 1631 sanguinis
866 1586 942 1620 Iesu
954 1582 1101 1619 Christi.
1127 1584 1228 1618 Duo-

235 1645 389 1679 decimo:
420 1650 452 1676 et
477 1647 609 1687 ponent
637 1647 698 1674 etc.
755 1638 876 1672 Postes
903 1643 935 1671 et
958 1636 1228 1680 superliminare

235 1697 440 1732 universum
459 1692 656 1727 aedificium
674 1690 864 1734 significat,
889 1688 910 1721 i.
926 1700 955 1721 e.
977 1694 1086 1721 totam
1105 1685 1228 1720 Eccle-

237 1749 342 1787 siam,
388 1757 495 1792 quam
528 1749 666 1787 oportet
705 1743 905 1784 adspersam
946 1750 1018 1771 esse
1059 1738 1230 1780 sanguine

236 1797 381 1833 Christi.
435 1795 660 1829 'l'redecimoz
689 1800 721 1826 et
750 1793 854 1825 edent
878 1802 1030 1825 carnem.
1082 1788 1227 1823 Noctem

237 1856 338 1883 vocat
354 1859 458 1881 omne
475 1845 542 1880 hoc
568 1852 725 1888 tempus,
753 1855 823 1888 quo
853 1843 955 1874 durat
982 1852 1127 1884 regnum
1149 1840 1229 1872 fidei

238 1911 349 1945 usque
366 1899 409 1931 ad
430 1897 679 1931 revelationem
698 1896 850 1927 liliorum
872 1893 955 1930 Dei,
984 1904 1062 1924 cum
1082 1903 1229 1933 regnum

237 1950 370 1995 gloriae
413 1946 646 1981 inchoabitur.
713 1944 759 1978 Et
799 1950 900 1976 nocte
939 1943 1042 1975 edent
1082 1954 1229 1983 agnum:

238 2001 434 2043 Evangelio
457 2005 650 2042 pascentur.
705 1996 763 2029 Sic
787 1994 879 2027 enim
897 1993 951 2025 edi
970 1993 1042 2026 vult
1058 1991 1230 2031 Christus,

240 2060 277 2086 ut
296 2053 367 2095 ipse
383 2051 428 2084 ait
442 2048 563 2083 loanu.
575 2046 654 2081 W..—
683 2047 773 2079 (Jaro
791 2058 863 2078 non
880 2045 1018 2088 prodest
1033 2044 1231 2088 quicquam,

239 2104 383 2148 spiritus
407 2109 456 2134 est
482 2100 540 2146 qui
564 2099 726 2131 vivificat.
780 2096 906 2129 Crudis
927 2093 1054 2127 herbis.
1107 2093 1230 2134 Porro,

240 2153 470 2197 Evangelium
488 2162 602 2195 neque
619 2149 767 2183 crudum
785 2147 827 2181 sit
847 2158 958 2191 neque
976 2153 1110 2179 coctum
1130 2157 1229 2190 aqua.

239 2206 398 2239 Crudum
425 2201 659 2245 Evangelium
689 2200 819 2232 dicitur
851 2198 909 2235 iis,
951 2197 1010 2242 qui
1041 2197 1104 2240 ipsi
1132 2196 1230 2229 crudi

243 2263 343 2295 sunt,
383 2255 416 2287 id
445 2261 514 2295 est,
556 2265 626 2285 nou
667 2250 884 2289 mortificati3
919 2255 950 2281 et
977 2255 1113 2281 coctum
1143 2259 1230 2292 aqua

243 2309 303 2348 iis,
335 2306 393 2351 qui
415 2305 574 2338 vitiatum
594 2315 694 2335 sensu
715 2301 866 2336 carnali,
894 2298 1145 2333 traditionibus
1165 2297 1228 2330 liu-

242 2358 355 2391 manis
379 2357 548 2394 audiunt,
583 2361 621 2387 ut
646 2351 736 2386 nihil
761 2351 913 2384 effecerit
935 2349 1168 2393 Evangelium
1198 2349 1232 2380 in

242 2409 382 2442 afflictis
404 2405 645 2443 conscientiis,
677 2417 765 2448 quae
793 2402 1058 2435 medicabantur
1080 2399 1146 2432 sibi
1175 2412 1234 2442 per

243 2459 495 2493 satisfactiones
528 2464 559 2490 et
593 2455 745 2488 iusticias
780 2465 946 2497 opu-rum,
1001 2451 1130 2496 quibus
1167 2450 1232 2482 iam

245 2510 475 2551 lix-angelium
497 2521 568 2541 non
588 2513 659 2539 erat
676 2504 922 2548 Evangelium.
969 2502 1112 2537 Decimo
1130 2513 1234 2546 quar-

245 2569 293 2594 to:
325 2563 381 2593 sml
401 2573 492 2593 assae
511 2559 581 2601 igni
599 2569 720 2591 carnes
735 2563 827 2594 sunt,
854 2555 998 2599 quando
1017 2565 1106 2597 puro
1116 2550 1235 2586 Evan-

245 2612 335 2654 gelio
353 2613 456 2644 corda
483 2610 708 2646 mortificata„
736 2616 765 2641 et
793 2608 888 2649 igne,
917 2603 982 2638 hoc
1007 2611 1076 2643 est,
1105 2603 1235 2637 iudicio

246 2663 309 2697 Dei
332 2670 538 2706 consumpta
559 2661 772 2695 reficiuntur.
811 2657 957 2693 Decimo
971 2656 1114 2701 quinto:
1141 2655 1235 2701 quod

831 76 956 112 PHlL.
983 76 1099 115 MEL.
1125 74 1335 112 SCRIPTA
1363 72 1661 114 EXEGETICA.

2158 79 2256 115 1148

1271 161 1435 196 carnibus
1457 160 1602 195 edendis
1617 159 1849 205 significatum
1873 169 1925 198 est
1938 162 2190 208 Evangelium,
2214 176 2255 199 eo

1272 213 1442 257 pertinet,
1469 212 1564 257 quod
1580 209 1766 257 Evangelii
1785 214 1940 258 potentia
1965 214 2257 249 resurrectionem

1272 264 1348 297 fieri
1366 269 1399 296 et
1416 273 1545 296 novam
1561 273 1700 296 carnem
1718 264 1852 308 parari,
1878 272 1991 300 ertum
2007 271 2068 299 est.
2113 263 2257 309 Agnum

1272 312 1455 349 Christum
1479 313 1557 353 edi,
1583 319 1634 347 est
1653 313 1721 347 fide
1747 316 1894 350 verbum
1919 316 2125 360 concipere,
2149 326 2260 361 eoque

1672 362 1780 407 Quod
1798 367 1891 400 enim
1914 377 2035 401 carnes
2056 367 2262 406 edebantur,

1274 415 1465 459 significata
1482 421 1532 448 est
1546 415 1770 457 resurrecti03
1798 418 1856 450 sed
1880 419 1962 463 quia
1986 416 2071 451 haec
2094 429 2168 451 non
2189 424 2260 452 sta-

1274 467 1337 501 tim
1354 472 1424 500 tota
1439 465 1495 506 fit,
1521 465 1581 498 sed
1597 465 1750 499 subinde
1765 467 1959 514 perficitur,
1987 469 2097 502 donec
2113 468 2263 501 intereat

1275 529 1368 558 caro,
1395 517 1475 550 ideo
1493 515 1634 549 interim
1653 517 1785 550 renatis
1800 529 1888 561 opus
1905 525 1956 553 est
1972 519 2159 562 multiplici
2176 530 2262 552 con-

1275 568 1464 608 solatione,
1489 567 1578 600 sicut
1594 565 1726 601 Paulus
1749 567 1883 613 inquit:
1918 568 2089 604 Abundet
2114 569 2262 603 verbum

1276 618 1341 653 Dei
1359 619 1452 651 inter
1474 628 1546 650 vos.
1599 615 1755 651 Proinde
1781 630 1842 662 per
1862 619 2032 661 lactucas,
2065 620 2118 654 vel
2146 619 2264 664 potius

1277 681 1338 715 per
1369 669 1485 702 acidas
1517 665 1643 702 herbas
1675 669 1729 701 lex
1760 669 1947 713 figuratur,
1995 682 2084 715 quae
2114 670 2264 704 subinde

1277 720 1464 754 mortificat
1481 718 1648 764 reliquias
1665 717 1714 765 ¹⁰)
1738 720 1918 754 vetustatis
1934 720 2112 760 internae,
2139 721 2263 755 subin-

1277 773 1320 805 de
1345 771 1542 805 evidentius
1564 770 1695 804 revelat
1718 770 1980 815 infidelitatem,
2011 771 2264 815 insipientiam,

1278 830 1311 856 et
1347 820 1572 868 hypocrisim.
1644 820 1743 855 Sicut
1774 820 1971 855 Hieremias
2002 822 2120 868 inquit
2150 820 2266 857 XX1.:

1277 873 1468 918 Postquam
1490 872 1676 905 ostendisti
1705 870 1794 905 mihi
1818 873 1971 917 percussi
1997 873 2113 907 femur
2139 884 2269 906 meum.

1278 924 1346 958 Per
1362 935 1502 970 azymos
1518 935 1624 967 panes
1643 923 1835 967 significata
1863 930 1915 957 est
1931 921 2117 968 Evangelii
2140 936 2266 959 conso-

1278 975 1384 1015 latio,
1411 987 1478 1020 qua
1494 974 1647 1017 augescit
1672 975 1827 1018 cognitio
1846 973 1931 1015 Dei,
1959 975 2060 1016 fides,
2085 975 2268 1020 sapientia,

1279 1027 1386 1060 timor
1398 1052 1407 1066 ‚
1434 1033 1467 1059 et
1483 1035 1606 1058 omnes
1624 1025 1758 1059 fructus
1775 1025 1938 1070 spiritus,
1964 1033 1998 1060 et
2013 1025 2103 1069 sicut
2116 1026 2164 1060 ait
2174 1025 2268 1060 Pau-

1279 1077 1348 1111 lus:
1377 1075 1599 1121 Speculando
1624 1076 1773 1118 gloriam
1791 1077 1927 1110 domini
1948 1077 1984 1110 in
2009 1078 2156 1110 eandem
2182 1077 2270 1110 ima·

1279 1128 1396 1172 ginem
1415 1127 1721 1161 transformamur.
1774 1126 1888 1172 Caput
1903 1139 1981 1161 cum
1999 1128 2148 1172 pedibus
2165 1135 2197 1162 et
2214 1127 2270 1161 in-

1280 1178 1432 1213 testinis:
1483 1178 1545 1223 qui
1579 1178 1770 1213 carnaliter
1805 1179 2045 1222 imaginantur
2076 1176 2271 1219 Christum,

1281 1231 1375 1276 quod
1398 1229 1547 1262 omuino
1564 1228 1773 1262 simulanter
1789 1231 1954 1270 credunt,
1982 1230 2052 1263 illis
2071 1241 2180 1273 agnus
2195 1230 2271 1263 sine

1281 1281 1394 1325 capite
1416 1280 1551 1318 editur,
1585 1277 1652 1313 hoc
1675 1287 1742 1321 est,
1774 1281 1811 1313 in
1833 1281 1876 1314 iis
1900 1279 1986 1314 fides
2009 1293 2082 1315 non
2111 1287 2160 1314 est
2182 1291 2272 1325 opus

1280 1332 1458 1376 potentiae
1480 1329 1566 1374 Dei,
1607 1331 1757 1375 ideoque
1790 1332 1954 1375 ignorant
1992 1339 2097 1377 caput
2125 1329 2273 1371 Christi,

1282 1380 1349 1415 hoc
1375 1388 1444 1419 est,
1479 1381 1673 1426 potentiam
1697 1380 1763 1414 Dei
1786 1379 2000 1415 in·Christo.
2065 1381 2172 1422 Item,
2210 1381 2271 1427 qui

1281 1433 1357 1467 sine
1384 1431 1559 1465 intestinis
1585 1432 1714 1471 edunt,
1750 1431 1774 1464 ii
1801 1433 1876 1465 sine
1901 1432 2124 1476 passionibus
2139 1430 2273 1466 Christi

1282 1483 1450 1516 simulant
1466 1482 1581 1516 fidem.
1635 1481 1706 1524 Qui
1724 1482 1799 1515 sine
1820 1483 1968 1526 pedibus
1992 1484 2120 1521 edunt,
2148 1483 2172 1515 ii
2199 1495 2273 1517 non

1282 1533 1495 1567 confitentur
1510 1529 1710 1572 Christnm3
1745 1540 1927 1577 propterea
1941 1541 2054 1567 totum
2072 1545 2198 1576 agnum
2217 1533 2274 1567 edi

1282 1590 1431 1629 oportet.
1450 1601 1495 1608 —
1529 1581 1648 1616 Renes
1666 1590 1798 1616 vestros
1823 1584 2020 1627 accingetis.
2074 1582 2194 1618 Renes
2216 1596 2274 1618 ac-

1283 1635 1389 1669 cincti
1416 1641 1642 1678 exponuntur
1659 1634 1700 1666 ad
1720 1631 1847 1677 Ephes.
1865 1633 1942 1669 VL:
1979 1634 2155 1669 Succincti
2182 1635 2274 1668 lum-

1284 1687 1347 1720 bos
1371 1686 1407 1718 in
1431 1685 1586 1718 veritate.
1639 1684 1864 1728 Significatur
1885 1685 1998 1723 enim,
2032 1697 2173 1719 sensum
2200 1697 2275 1719 car-

1284 1738 1339 1770 nis
1355 1736 1468 1782 premi
1486 1735 1613 1769 debere
1635 1738 1742 1769 verbo
1760 1735 1846 1776 Dei,
1873 1744 1911 1771 ut
1929 1743 2065 1770 maneat
2085 1737 2120 1769 in
2138 1736 2274 1781 simpli-

1284 1789 1386 1822 citate
1409 1787 1490 1820 fidei
1517 1787 1680 1831 spiritus,
1717 1799 1760 1820 ne
1784 1794 1899 1821 assuat
1920 1786 2113 1831 Evangelio
2138 1787 2274 1833 aliquid

1284 1847 1350 1873 etc.
1406 1837 1513 1878 Item,
1553 1838 1784 1872 calceamenta
1809 1839 2003 1881 significare
2029 1836 2277 1882 Evangelium,

1285 1892 1408 1923 eodem
1428 1890 1505 1922 loco
1523 1890 1623 1923 docet
1640 1888 1786 1923 Paulus:
1814 1888 1967 1923 Calceati
1996 1891 2100 1934 pedes
2119 1890 2154 1922 in
2175 1901 2277 1934 prae-

1286 1942 1503 1986 parationem
1521 1940 1747 1984 praedicandi
1764 1938 1959 1983 Evangelii.
2016 1939 2192 1973 Tenentes
2215 1941 2276 1973 ba-

1285 1993 1403 2025 culum
1427 1992 1463 2024 in
1482 1991 1660 2024 manibus:
1705 2003 1838 2036 pugnas
1865 1991 1973 2023 verbi.
2026 1988 2071 2023 Et
2094 1990 2203 2024 edetis
2226 1991 2278 2024 fe-

1285 2044 1474 2076 stinanter:
1524 2043 1700 2075 festinatio
1733 2043 1906 2075 fervorem
1941 2041 2129 2084 siguificat,
2172 2042 2278 2075 ardo-

1286 2106 1358 2127 rem
1374 2093 1519 2138 spiritus
1536 2100 1598 2128 etc.

1649 2209 1788 2263 Caput
1831 2210 1926 2251 ΧΠ.

1390 2295 1524 2339 Scopus
1566 2292 1671 2328 huius
1704 2292 1872 2329 historiae
1908 2302 1975 2333 est,
2025 2295 2110 2327 adeo
2154 2294 2279 2339 respici

1288 2348 1410 2384 fidem,
1448 2359 1518 2379 uon
1544 2358 1648 2390 opus;
1686 2346 1752 2378 fide
1777 2345 1895 2379 omnia
1921 2357 2045 2389 opera,
2073 2345 2280 2389 qualiacun-

1289 2411 1356 2444 que
1374 2405 1404 2431 ct
1425 2398 1738 2443 quantulacunque
1762 2404 1862 2432 sunt.
1889 2403 2026 2439 accepta
2051 2408 2135 2430 esse.
2188 2395 2279 2431 Nam

1290 2462 1326 2482 re
1345 2450 1416 2493 ipsa
1437 2450 1504 2482 vile
1519 2460 1607 2493 opus
1624 2456 1694 2481 erat
1714 2446 1798 2481 haec
1817 2447 1986 2490 unguenti
2006 2447 2174 2491 profusio.
2209 2447 2277 2482 Sed

1290 2501 1374 2533 fides
1398 2501 1562 2539 faciebat,
1596 2506 1632 2532 ut
1664 2500 1749 2532 tanti
1776 2499 1869 2531 fieret
1896 2510 2002 2542 opus.
2042 2505 2172 2543 quanta
2204 2498 2277 2543 ipsa

1291 2558 1374 2586 erat.
1435 2552 1492 2584 sic
1518 2557 1678 2591 econtra,
1711 2556 1983 2594 quantacunque
2008 2550 2077 2584 sint
2102 2561 2225 2594 opera,
2251 2550 2279 2582 si

1328 2670 1373 2698 10)
1392 2672 1484 2695 secer.
1505 2669 1639 2699 reliquas.
