2409 2915
299 169 390 208 ram)
414 173 501 211 quae
517 166 736 201 summopere
757 153 972 198 flagitabant,
997 160 1045 210 ut·
1058 149 1164 185 buius
1184 163 1280 210 corn-

299 215 462 251 mentarii
487 211 586 255 copia
608 209 722 247 fieret,
749 216 957 251 quacunque
981 211 1137 244 ratlone,
1163 214 1280 236 omni·

297 270 363 302 bus
380 262 617 300 Ecclesiarum
634 256 818 292 ministris.

400 322 508 367 Quod
530 320 574 353 ad
598 316 780 361 scriptoris
803 314 957 348 rationes
980 312 1162 352 attineret,
1188 311 1282 346 dice-

299 378 386 411 bant
414 384 471 407 eas
493 370 584 406 tanti
602 379 685 412 ‚gion
715 366 892 400 faciendas
915 375 1007 406 esse,
1042 370 1081 397 ut
1103 361 1170 397 hoc
1196 374 1282 407 opus

298 427 524 473 profuturum
542 418 723 466 plurimis,
750 417 779 450 si
794 415 968 458 vulgetur,
993 421 1174 458 propterea
1192 413 1282 446 intra

299 478 406 512 nnius
421 473 570 520 parietes
586 476 619 504 et
633 467 801 502 scrinium
818 465 1096 499 concluderetur.
1130 463 1175 498 Ut
1190 463 1283 496 enim

300 527 452 562 maxime
462 524 531 558 sint
544 522 661 566 aliqua
674 519 711 551 in
726 518 768 550 iis
784 516 1016 550 concionibus
1030 522 1173 560 propter
1190 514 1285 547 festi-

301 579 481 613 nationem
492 574 785 612 minusaccurate‚
802 567 919 601 minus
934 567 1082 611 copiose,
1100 565 1216 598 minus
1228 575 1286 598 or-

303 632 396 669 dine,
413 634 445 660 et
459 621 652 667 simplicius
669 618 848 663 explicata,
867 629 970 663 quarn
988 624 1027 651 ut
1041 617 1190 649 debeant
1206 627 1286 648 ern-

301 682 458 714 ditorum
473 683 638 708 censurae
649 670 817 704 severiori
828 668 965 708 subiici,
984 675 1099 701 tamen
1113 667 1287 700 existima-

301 733 400 768 bant,
418 728 490 762 imo
509 722 741 758 affirmabant,
758 731 886 765 aequos
903 719 1060 755 lectores,
1079 717 1107 750 si
1128 728 1288 760 praemo-

302 782 370 816 niti
386 780 476 818 sint,
500 776 557 809 cui
576 772 640 807 hae
657 771 842 805 conciones
859 769 1007 812 scriptae
1029 769 1119 807 sint,
1147 781 1164 800 a
1184 779 1286 811 quam

302 836 484 875 occupato,
505 836 609 871 quam
624 822 840 860 festinanter,
856 831 959 864 quam
978 818 1093 861 longis
1110 817 1288 851 interdum

304 878 502 915 intervallis
535 883 749 917 temporum,
787 882 876 916 quae
909 869 1006 912 prius
1038 875 1288 901 annotatorum

306 930 515 967 sententiam
533 934 565 959 et
585 924 745 957 ordinem
770 921 869 954 facile
885 931 924 952 ex
943 919 1111 952 memoria
1132 919 1290 951 scriben-

304 985 351 1018 tis
373 983 487 1015 delere
514 975 711 1020 potuerint,
746 970 840 1004 haud
865 970 971 1003 dubie
999 981 1079 1002 eum
1102 970 1288 1002 candorem

305 1032 527 1068 adhibituros
550 1037 621 1059 esse
647 1024 682 1056 in
708 1023 854 1064 legendo
879 1028 912 1054 et
935 1020 1144 1059 iudicando,
1179 1027 1216 1052 ut
1237 1030 1291 1052 res

305 1087 398 1129 ipsas
421 1079 569 1114 fideliter
596 1074 782 1118 explicatas
806 1077 904 1114 grato
929 1073 1048 1103 animo
1073 1070 1290 1114 amplectan-

304 1143 385 1171 tnr,
421 1138 454 1165 et
487 1134 640 1166 caetera,
677 1135 764 1169 qnae
795 1134 874 1155 cum
906 1121 984 1154 aliis
1014 1121 1291 1154 accuratioribus

306 1185 461 1219 eiusdem
478 1178 608 1213 autoris
623 1174 779 1218 scriptis,
805 1173 901 1217 quod
920 1173 960 1204 ad
982 1171 1132 1204 docendi
1152 1169 1288 1203 metho-

306 1240 391 1269 dum
419 1240 452 1266 et
475 1227 664 1273 eloquendi
691 1224 864 1259 rationem
890 1222 1032 1261 attinet,
1068 1222 1187 1254 minus
1208 1233 1291 1254 con-

305 1296 428 1331 gruere
447 1281 681 1316 videbuntur,
709 1274 765 1308 his
784 1273 1064 1317 impedimentis,
1092 1284 1180 1316 quae
1204 1272 1290 1304 scri-

305 1335 420 1382 ptioni
444 1331 551 1365 huius
581 1325 816 1361 enarrationis
842 1323 993 1357 subinde
1024 1323 1159 1356 obiecta
1187 1322 1294 1355 fuisse

308 1387 400 1426 dixi,
426 1382 621 1417 attribuant
639 1384 672 1410 et
688 1377 901 1409 condonent.

409 1450 583 1493 Reliquos
601 1457 683 1477 vero
703 1442 853 1482 Momos,
880 1441 939 1486 qui
959 1452 1050 1473 novo
1067 1440 1219 1485 quodam
1239 1439 1295 1472 in,

310 1507 431 1540 stituto
458 1500 596 1535 laudem
621 1493 830 1528 eruditionis
850 1499 883 1525 et
908 1491 1046 1539 pietatis
1065 1497 1295 1534 aucupantur,

309 1567 339 1588 e·
361 1561 514 1587 summos
531 1560 566 1581 se.
586 1548 620 1579 in
641 1544 793 1578 Ecclesia
812 1543 886 1575 fore
905 1543 1106 1580 confidunt,
1131 1542 1158 1573 si
1177 1542 1295 1574 omnia

310 1608 474 1642 aliorum,
498 1599 557 1644 qui
577 1603 675 1629 antea
695 1607 771 1627 cum
791 1593 976 1626 autoritate
994 1592 1110 1636 aliqua
1129 1590 1294 1624 inEccle-

310 1659 360 1692 sia
392 1656 606 1688 docueruut,
647 1644 873 1691 quantumvis
904 1642 1112 1685 simpliciter
1143 1649 1176 1675 et
1205 1650 1295 1675 recte

310 1710 423 1746 dicta,
450 1699 712 1737 cavillationum
732 1691 884 1737 strophis
903 1701 933 1725 et
952 1693 1102 1725 sinistris
1122 1693 1294 1734 interpre-

310 1756 506 1794 tationibus
521 1751 641 1784 odiosa
661 1760 698 1780 ac
714 1751 869 1788 suspecta
887 1743 991 1785 vulgo
1016 1743 1160 1774 reddant
1173 1768 1181 1780 ,
1208 1743 1294 1775 adeo

310 1822 383 1844 non
402 1804 576 1840 curandos
593 1811 664 1833 esse
682 1795 963 1835 contendebant,
991 1799 1029 1825 ut
1054 1803 1127 1823 eam
1145 1793 1191 1823 ob
1214 1803 1292 1824 cau-

311 1871 384 1894 sam
409 1857 512 1889 etiam
535 1850 743 1885 maturanda
771 1845 887 1888 potius
910 1855 1013 1887 quam
1039 1843 1233 1875 omittenda
1254 1843 1297 1875 sit

313 1908 421 1944 editio
437 1903 544 1938 huius
560 1898 698 1941 scripti,
725 1902 764 1927 ut
782 1895 809 1926 si
835 1894 922 1926 illud
943 1904 1040 1924 more
1061 1905 1123 1925 sno
1143 1893 1296 1936 arripere

312 1957 492 1995 mordicus
510 1959 541 1985 et
559 1950 752 1983 deformare
771 1944 865 1977 salsis
882 1940 1214 1986 repreliensionilnis
1240 1943 1294 1975 isti

313 2014 504 2046 conentur,
530 2012 627 2035 suam
647 1995 871 2040 cupiditatem
890 1993 1037 2025 nocendi
1057 1999 1089 2025 et
1105 1993 1212 2024 animi
1231 1993 1295 2025 im-

310 2057 503 2107 potentiam
519 2051 685 2085 omnibns
700 2046 801 2079 bonis
816 2044 969 2086 apertius
987 2044 1137 2086 prodant
1152 2050 1184 2076 et
1202 2051 1297 2087 pate-

311 2112 455 2147 faciant,
479 2102 568 2138 nibil
585 2099 782 2134 nocituram
801 2095 961 2137 scriptori
979 2100 1037 2126 aut
1054 2094 1194 2137 scripto,
1218 2106 1295 2127 cum

313 2165 466 2196 constet,
494 2166 565 2187 non
592 2153 627 2184 in
653 2147 720 2181 boc
748 2146 892 2188 scriptas
915 2156 986 2177 esse
1014 2141 1076 2176 bas
1098 2145 1297 2177 annotatio-

312 2224 393 2249 nes,
426 2214 465 2242 ut
492 2203 736 2250 publicentur,
772 2209 835 2230 nee
862 2202 1018 2228 autorem
1045 2206 1099 2228 eas
1124 2195 1296 2239 publicari

311 2262 472 2298 voluisse.

411 2318 485 2353 Cur
502 2323 539 2350 tu
558 2313 664 2357 igitur
679 2320 735 2342 eas
754 2308 856 2340 edere
873 2303 1002 2338 audes?
1029 2303 1119 2337 dicct
1137 2304 1276 2350 aliquis.

413 2383 604 2426 Obsequor
621 2375 769 2411 assiduis
787 2373 929 2406 illorum
947 2371 1217 2409 monitionibus,
1236 2384 1296 2415 pe-

313 2437 521 2474 titionibus,
554 2425 868 2464 obtestationibus,
906 2421 967 2467 qui
998 2434 1076 2455 cum
1110 2422 1294 2463 legendnm

311 2489 406 2523 bunc
431 2490 560 2519 secreto
588 2475 877 2514 commentarium
905 2485 923 2505 a
949 2484 1004 2504 me
1037 2472 1196 2515 precibus
1225 2474 1296 2507 suis

314 2537 555 2575 extorsissent,
584 2532 629 2565 ita
650 2526 736 2561 milii
755 2539 832 2558 enin
852 2523 1080 2557 reddiderunt
1100 2530 1214 2566 postea
1228 2551 1236 2563 ,
1259 2532 1295 2558 ut

313 2593 466 2625 dicerent
487 2597 520 2617 se
538 2584 611 2616 eius
629 2577 840 2624 pet-lectione
864 2575 1013 2607 multum
1030 2574 1168 2606 adiutos
1188 2577 1294 2607 etde-

313 2644 454 2676 let-tato·
470 2636 591 2672 tuisse,
619 2640 650 2665 et
669 2627 941 2674 publicationem
958 2625 1114 2658 ciusdem
1132 2624 1294 2669 plurimis

890 66 1016 104 PHlL.
1041 63 1158 103 MEL.
1187 63 1398 102 SCRIPTA
1425 62 1728 102 EXEGETICA.

2235 69 2310 106 540

1329 162 1368 185 ac
1393 153 1597 196 praesertim
1621 151 1844 186 versantibus
1867 149 1906 184 in
1929 149 2126 186 ministerio
2153 155 2313 191 ecclesia-

1330 203 1436 244 stico,
1462 204 1684 247 profuturam
1701 214 1785 238 esse.

1433 260 1560 307 Aliqui
1582 262 1686 296 etiam
1708 260 1776 297 hoc
1800 262 1995 303 addebant,
2029 261 2133 296 editis
2157 259 2213 295 bis
2231 275 2315 298 con-

1332 311 1495 346 cionibus
1519 323 1559 345 os
1581 313 1820 347 obturandum
1846 324 1919 346 esse
1943 313 2004 351 iis,
2039 312 2101 357 qui
2128 313 2171 346 ad
2195 313 2317 357 vulgus

1332 363 1505 402 clamant,
1531 374 1604 395 non
1627 363 1779 407 amplius
1804 365 1950 397 eandem
1974 363 2170 396 doctrinam
2194 374 2318 398 sonare

1334 413 1370 445 in
1389 410 1453 446 hac
1469 411 1626 446 Ecclesia
1638 439 1647 453 ,
1675 425 1763 458 quae
1780 414 1919 447 vivente
1932 411 2090 447 Luthero
2108 411 2166 446 hic
2186 413 2233 448 sit
2249 420 2320 448 tra-

1335 464 1427 504 dita,
1461 475 1540 497 cum
1571 463 1651 508 pius
1673 463 1782 497 lector
1802 475 1841 497 ex
1873 462 1940 497 hoc
1962 464 2092 508 scripto
2114 475 2320 507 cognoscere

1335 515 1462 559 possit,
1486 521 1519 548 et
1538 515 1684 547 eandem
1700 515 1889 558 puritatem
1906 515 2087 548 doctrinae
2106 511 2164 548 bic
2181 526 2321 548 conser—
2360 523 2367 530 ’

1338 564 1434 606 vari,
1460 571 1492 598 et
1508 565 1619 599 libere
1635 571 1767 598 taxatas
1783 575 1854 598 esse
1869 565 1908 597 in
1925 565 2074 610 publicis
2091 565 2322 599 concionibus

1339 616 1402 648 illo
1421 616 1716 659 periculosissimo
1736 622 1893 659 tempore
1910 615 2125 658 corruptelas
2141 616 2323 650 doctrinae

1338 667 1507 706 coelestis,
1522 667 1641 711 quales
1658 673 1756 700 erant
1774 667 1973 710 propositae
1988 667 2026 699 in
2041 667 2132 700 libro
2145 664 2324 707 INTERIM,

1339 723 1371 749 et
1387 716 1464 749 aliis
1483 718 1705 761 quorundam
1725 716 1874 761 scriptis-

1440 773 1553 808 Erant
1571 776 1675 809 etiam
1695 776 1858 821 quidam,
1885 775 1947 821 qui
1970 772 2059 809 mihi
2076 782 2193 821 aperte
2216 774 2325 809 mini-
2370 791 2378 814 ,·

1339 832 1518 869 tarentin,
1545 826 1572 859 si
1597 838 1671 860 non
1693 827 1821 860 vellem
1845 827 1947 860 edere
1973 824 2036 860 has
2059 827 2264 865 conciones,
2290 836 2326 860 se
2370 827 2387 876 s·

1339 877 1437 909 omni
1460 883 1532 910 arte
1555 877 1610 909 illi
1626 877 1754 921 scripto
1776 877 2006 911 insidiaturos
2024 888 2116 918 esse,
2144 888 2208 910 nec
2227 876 2327 921 quie-

1340 934 1456 968 turos,
1493 928 1605 960 donec
1635 928 1671 960 id
1697 939 1715 960 a
1747 939 1802 961 me
1827 928 2024 969 auferrent,
2058 934 2099 962 ut
2128 928 2184 961 vel
2213 924 2328 960 adhuc

1341 977 1482 1011 vivente
1499 990 1553 1010 me
1570 985 1602 1011 et
1620 977 1817 1020 ignorante,
1844 979 1928 1012 alibi
1946 979 2151 1020 excudatur,
2178 977 2234 1011 vel
2252 983 2330 1022 post
2371 964 2395 1007 ιῙ*

1340 1036 1488 1062 mortem
1507 1029 1628 1062 salte-n
1648 1040 1758 1061 meam
1775 1036 1968 1074 spargatur.

1444 1095 1509 1130 His
1539 1108 1601 1140 ego
1627 1096 1826 1130 rationibus
1848 1096 1960 1131 victus
1989 1097 2128 1131 tandem
2156 1097 2330 1137 consensi,

1342 1152 1375 1179 et
1399 1147 1560 1190 permisi,
1595 1154 1633 1180 ut
1663 1148 1826 1180 ederetur
1857 1145 1914 1180 hic
1943 1148 2237 1188 commentarius,
2265 1148 2330 1181 etsi

1344 1198 1490 1230 omuino
1510 1198 1758 1230 constitueram
1776 1210 1855 1230 eum
1873 1198 1909 1230 in
1926 1198 2068 1231 latebris
2086 1209 2272 1238 asservare,
2296 1204 2331 1232 et

1345 1248 1577 1291 praeceptoris
1588 1245 1744 1291 Philippi
1762 1245 1995 1291 prohibitioni
2008 1248 2214 1289 auscultare,
2227 1259 2331 1293 quem
2375 1249 2383 1259 ’

1345 1299 1488 1343 quidem
1517 1299 1545 1331 si
1579 1296 1642 1331 hac
1675 1299 1912 1342 publicatione
1944 1299 2094 1337 offendi,
2130 1306 2330 1332 reverenter

1346 1361 1428 1387 oro,
1457 1356 1496 1382 ut
1512 1346 1599 1381 mibi
1617 1349 1806 1382 clementer
1824 1350 1881 1383 det
1900 1350 2057 1390 veniam,
2084 1349 2178 1395 quod
2198 1356 2248 1384 tot
2267 1349 2332 1383 bo-

1347 1412 1474 1432 norum
1499 1406 1531 1433 et
1556 1399 1715 1442 gravium
1744 1399 1900 1432 virorum
1933 1412 2070 1444 preces,
2105 1398 2334 1440 hortationes,

1346 1451 1529 1489 mandata,
1557 1451 1667 1495 (inter
1682 1461 1769 1494 quos
1787 1450 1890 1483 etiam
1908 1451 2120 1483 reverendus
2142 1457 2174 1484 et
2192 1457 2333 1484 sanctus
2365 1444 2378 1475 '-

1348 1501 1402 1533 xir
1432 1499 1608 1533 Dominus
1643 1500 1689 1535 D.
1724 1499 1897 1534 lohannes
1931 1499 2178 1544 Bugenbagius
2209 1499 2333 1534 Pastor
2366 1510 2374 1518 ·

1347 1562 1463 1591 meus,
1491 1552 1574 1584 dum
1598 1551 1748 1591 viveret,
1775 1558 1848 1585 erat
1875 1553 2023 1585 maxime
2048 1552 2208 1584 assiduus
2234 1551 2333 1594 flagi·

1348 1600 1456 1647 tator)
1482 1601 1590 1645 ipsius
1613 1602 1720 1634 unius
1742 1600 1996 1646 prohibitioni,
2025 1608 2163 1636 tantum
2180 1613 2220 1635 ex
2246 1613 2334 1638 con.-

1348 1652 1561 1685 sideratione
1583 1650 1686 1685 huius
1703 1653 1858 1697 corrupti
1883 1653 1990 1686 seculi
2015 1659 2048 1686 et
2073 1659 2168 1686 metu
2193 1652 2333 1697 iniqua-

1349 1715 1426 1735 rum
1453 1700 1767 1746 reprehensionum
1791 1703 1984 1747 prol'ectae,
2011 1703 2210 1747 anteposui,
2236 1703 2334 1736 aliud

1348 1751 1437 1783 nibil
1457 1761 1627 1795 quaerens
1644 1759 1701 1783 aut
1721 1761 1879 1793 captans,
1908 1762 2010 1795 quam
2033 1754 2080 1789 si,
2111 1752 2204 1794 quod
2229 1752 2333 1785 multi

1348 1802 1475 1844 pictate
1496 1809 1526 1834 et
1545 1801 1731 1844 prudentia
1755 1808 1967 1843 praestantes
1989 1801 2053 1834 viri
2078 1801 2275 1835 existimant
2300 1809 2334 1836 et

1349 1859 1442 1885 certo
1460 1849 1546 1884 mibi
1564 1853 1738 1894 spondent
1763 1851 1920 1884 futurum
1947 1862 2036 1891 esse,
2058 1851 2211 1896 aliquam
2233 1852 2332 1886 utili-

1349 1909 1453 1935 tatem
1471 1914 1510 1935 ex
1531 1902 1677 1934 lectione
1697 1899 1820 1934 harum
1839 1902 2049 1934 concionum
2073 1902 2252 1947 percipere
2268 1914 2332 1946 po-

1349 1958 1464 1984 terunt
1484 1951 1636 1985 ministri
1657 1952 1752 1983 verbi
1777 1959 1809 1984 et
1831 1952 1890 1984 alii
1908 1952 1999 1984 docti
2018 1952 2099 1991 viri,
2124 1963 2166 1984 ne
2192 1963 2254 1996 per
2277 1964 2333 1986 me

1347 2002 1407 2034 iun
1432 2002 1480 2034 eis
1513 2002 1699 2034 interclusa
1728 2009 1760 2035 et
1793 2002 1958 2046 impedita
1988 2014 2049 2045 per
2083 2002 2253 2035 invidiam
2278 2003 2334 2037 vel

1347 2050 1558 2091 πλεονεξίαν
1582 2052 1686 2085 fuisse
1711 2054 1881 2086 videatur.
1946 2051 2044 2085 lubet
2068 2050 2231 2086 Christus
2261 2053 2335 2098 ipse

1349 2115 1413 2135 nos
1431 2103 1624 2136 liberaliter
1642 2103 1838 2135 doctrinam
1867 2115 1944 2135 cum
1967 2103 2043 2135 aliis
2062 2105 2334 2146 communicare,

1349 2165 1427 2187 cnm
1454 2153 1586 2198 inquit:
1622 2153 1748 2186 Luceat
1773 2153 1831 2186 lux
1849 2160 1960 2186 vesu-a
1983 2166 2097 2186 coram
2117 2152 2333 2194 hominibus.

1349 2211 1386 2237 ut
1404 2204 1618 2246 glorificetur
1634 2211 1732 2248 pater
1750 2211 1861 2237 vester
1878 2205 1937 2249 qni
1956 2205 1993 2236 iu
2010 2204 2115 2237 coelis
2132 2211 2193 2239 est.
2248 2204 2331 2239 item

1348 2256 1490 2288 mittens
1508 2254 1696 2299 Apostolos
1712 2266 1792 2287 suos
1815 2256 1855 2288 ad
1873 2256 2071 2288 docendum
2091 2253 2333 2299 Evangelium‚

1349 2305 1441 2339 iuter
1465 2305 1532 2338 alia
1556 2306 1660 2339 etiam
1686 2303 1749 2338 ltoc
1777 2305 1859 2350 ipsis
1884 2307 2086 2338 man-latum
2114 2307 2188 2339 slat:
2226 2306 2332 2349 Quod

1347 2357 1426 2389 dico
1450 2356 1549 2389 vohis
1576 2357 1612 2388 in
1635 2357 1806 2396 tenebris,
1839 2366 1899 2388 vos
1924 2356 2028 2388 dicite
2054 2356 2089 2388 in
2114 2356 2265 2394 lumine.
2299 2363 2332 2391 et

1348 2407 1442 2452 quod
1465 2408 1500 2439 in
1519 2419 1601 2440 aure
1616 2407 1764 2448 auditis,
1790 2417 1852 2439 vos
1868 2407 2064 2450 praedicate
2081 2418 2183 2451 super
2200 2406 2307 2442 tectis.

1450 2473 1555 2507 llunc
1591 2473 1696 2507 linem
1732 2473 1902 2517 spectanti
1937 2470 2025 2506 mibi
2062 2469 2125 2506 bac
2159 2473 2329 2510 editione.

1348 2525 1504 2567 ignoscat
1523 2525 1698 2558 Dominus
1717 2523 1925 2568 Praeceptor
1943 2521 2145 2568 Philippus,
2172 2535 2233 2557 nec
2256 2525 2330 2557 exi-

1348 2576 1462 2609 stimet
1480 2586 1621 2609 omnem
1643 2574 1918 2608 inobedientiam
1936 2585 2073 2618 semper
2093 2573 2203 2607 scetus
2220 2582 2251 2607 et
2269 2576 2330 2606 dr-

1348 2627 1541 2661 testandam
1557 2637 1648 2664 esse,
1676 2626 1735 2659 scd
1754 2626 1906 2671 aliquam
1929 2625 2105 2659 interdum
2129 2636 2200 2658 non
2226 2627 2331 2659 modo
