2409 2915
231 82 302 115 787

239 167 403 205 nitentia,
431 166 533 202 fides,
559 174 653 207 spes,
680 174 760 195 vera
787 161 982 201 invocatio,
1010 167 1042 194 et
1063 161 1218 207 reliqna·
1243 163 1248 189 1

238 229 315 250 rum
327 218 496 249 virtutum
514 214 786 247 necessariarum
804 213 905 247 initia
922 219 1078 246 crescant
1095 213 1131 245 in
1149 225 1219 245 no-

238 269 309 305 bis,
356 273 569 307 augeantur,
618 265 872 298 confirmentur
907 269 939 296 et
973 263 1217 307 perficiantur:

237 319 330 360 (pind
355 325 392 351 ut
415 318 491 355 fiat,
528 317 717 359 gubernet,
752 315 910 353 erudiat,
943 314 1154 354 sanctificet,
1186 320 1219 347 et

235 369 376 401 adiuvet
394 380 456 401 nos
475 369 547 412 ipse
565 368 657 401 silius
674 367 738 401 Dei
758 366 985 411 propitiator,
1013 365 1220 406 vivificator,

235 419 324 463 lapis
340 420 538 462 angularis,
565 427 596 453 et
616 426 712 463 petra
729 418 872 461 salutis,
900 415 1077 451 Dominus
1101 424 1219 452 noster

235 469 330 504 Iesus
346 468 528 515 Cbristus,
558 471 684 505 Amen.

582 598 718 652 Caput
746 596 866 638 VIII.
1244 549 1248 595 Ι

464 681 506 713 δι’
529 680 578 712 vis
596 683 711 721 poiens
733 689 784 710 me
805 677 976 709 mundare.

335 761 417 795 Post
435 762 642 795 concionem
661 761 698 793 in
714 765 835 792 monte
854 755 1032 796 habitam,
1060 755 1219 800 sequitur

232 813 389 846 recitatio
402 841 411 854 ‚
439 813 575 858 aliquot
594 811 855 844 miraculorum.
900 807 985 841 Vult
1001 807 1093 840 enim
1113 804 1218 840 Chri-

233 872 305 897 stus
319 865 518 898 testimonia
537 863 718 897 doctrinae
734 873 817 894 suae
839 859 1022 893 ostendere
1034 884 1042 897 ,
1070 864 1108 890 ut
1124 863 1218 890 certo

233 916 402 956 sciamus,
429 913 520 949 hanc
543 926 639 948 suam
662 912 859 945 doctrinam
886 910 1067 942 immotam
1090 908 1219 941 volun-

232 973 336 999 tatem
355 973 387 1000 et
407 967 582 999 decretum
603 962 799 997 divinitatis
822 972 910 1000 esse,
943 968 977 994 et
1003 971 1038 992 se
1059 971 1218 992 veracem

232 1024 264 1050 et
283 1029 300 1050 a
318 1015 392 1050 Deo
411 1017 555 1050 missum
581 1026 668 1048 esse:
703 1012 856 1057 denique
872 1011 963 1044 hanc
978 1022 1077 1044 suam
1097 1021 1217 1043 vocem

232 1080 303 1101 non
321 1080 392 1101 esse
412 1067 580 1112 quiddam
600 1063 881 1099 commentitium
905 1069 966 1096 aut
991 1062 1036 1095 ab
1059 1058 1218 1093 homini—

230 1121 296 1152 bus
312 1119 562 1162 excogitatum,
589 1117 679 1150 sicut
689 1112 853 1154 Etbnici,
880 1113 996 1146 cultus
1014 1124 1053 1146 ac
1069 1111 1218 1145 numina

230 1171 296 1203 sibi
317 1170 382 1214 ipsi
398 1170 585 1203 finxerunt.
644 1165 698 1200 Ac
716 1165 826 1199 multa
846 1171 928 1197 sunt
947 1161 1054 1197 huius
1072 1162 1218 1196 triennii

228 1221 418 1261 miracula,
460 1232 549 1266 quae
580 1218 748 1252 brevibus
778 1215 975 1249 intervallis
1006 1215 1094 1248 sacta
1125 1220 1217 1248 sunt.

230 1271 338 1306 Initio
355 1272 460 1316 primi
478 1271 562 1305 anni
581 1271 651 1303 duo
673 1281 713 1302 ex
738 1267 888 1301 mortuis
909 1265 1104 1300 resuscitati
1125 1271 1219 1307 sunt,

229 1324 323 1358 fitius
348 1324 474 1357 viduae
498 1323 535 1355 in
552 1321 674 1361 Naim,
708 1327 742 1353 et
761 1318 844 1352 lairi
868 1317 951 1350 filia.
1006 1316 1090 1350 Post
1113 1316 1216 1350 tertio

229 1387 323 1408 anno
340 1373 494 1409 Lazarus
510 1372 734 1406 resuscitatus
751 1376 811 1402 est.
861 1367 958 1401 Haec
975 1375 1009 1401 et
1022 1367 1133 1401 multa
1151 1367 1217 1399 alia

229 1426 398 1459 miracula
422 1425 615 1458 recitantur
636 1423 673 1455 in
697 1420 836 1464 scriptis
856 1418 1094 1462 Evangelicis.
1146 1416 1217 1451 Nec

229 1477 377 1511 dubium
397 1482 464 1516 est,
490 1475 622 1508 multos
638 1472 811 1517 sapientes
830 1470 974 1510 mirari,
1000 1480 1063 1502 cur
1079 1475 1132 1503 tot
1148 1468 1218 1501 mi-

229 1528 347 1562 racula
380 1527 521 1561 recitata
554 1525 646 1565 sint,
687 1535 766 1557 cum
797 1521 984 1554 conciones
1008 1520 1125 1553 minus
1147 1520 1216 1552 sre-

229 1585 377 1624 quentes
394 1581 726 1611 commemorentur.
783 1571 852 1606 Sed
876 1577 968 1604 recte
986 1571 1138 1604 instituti
1160 1570 1216 1603 in-

228 1631 391 1672 telligunt
405 1636 554 1673 utraque
570 1625 709 1669 scriptis
721 1621 934 1668 Apostolicis
946 1619 1215 1665 comprehendi:

227 1681 364 1715 recitari
384 1679 570 1718 miracula,
598 1684 630 1710 et
647 1675 846 1710 conciones.
898 1671 1059 1717 Cumque
1076 1679 1177 1707 antea
1197 1685 1215 1705 a

227 1729 435 1776 Prophetis,
475 1737 508 1763 et
535 1734 612 1774 post
634 1739 652 1760 a
679 1724 836 1760 Iohanne
862 1730 893 1757 et
918 1723 1028 1757 Paulo
1055 1724 1215 1757 doctrina

226 1784 365 1828 copiose
383 1782 552 1826 explicata
571 1786 604 1813 et
621 1779 794 1812 illustrata
811 1776 871 1816 sit,
905 1775 1031 1808 caeteri
1058 1776 1139 1809 libri
1164 1782 1216 1809 te—

227 1835 391 1870 stimoni.»
416 1831 670 1866 miraculorum
704 1828 872 1863 universo
906 1826 1025 1870 generi
1057 1823 1214 1860 humano

225 1892 443 1932 proponunt.

330 1945 449 1987 Quare
477 1949 516 1975 ut
548 1939 698 1975 teneatis
728 1943 930 1982 perpetuam
961 1937 1004 1969 de
1036 1937 1215 1971 miraculis

225 1994 614 2032 eommmnefsctionem,
628 1989 848 2033 cogitandam
864 1988 900 2020 iu
917 1988 1084 2021 omnibus
1100 2000 1214 2021 excru-

226 2050 313 2094 phs,
353 2047 507 2091 primum
532 2043 601 2076 sint
626 2042 661 2074 in
686 2047 872 2084 conspectu
898 2037 961 2072 bae
987 2046 1055 2072 tres
1080 2051 1214 2079 causae,

226 2107 368 2146 propter
387 2108 473 2143 quas
486 2096 575 2128 facta
597 2100 629 2127 et
648 2092 789 2126 recitata
807 2097 887 2124 sunt
906 2090 1086 2124 miracula.

326 2158 442 2191 Prima
468 2166 569 2189 causa
589 2159 658 2190 est,
685 2159 723 2185 ut
745 2150 910 2184 omnibus
933 2147 1139 2183 bominibus
1164 2157 1213 2183 te-

224 2210 389 2247 stimonia
414 2208 484 2242 sint
510 2207 553 2239 de
571 2203 666 2244 Deo,
700 2209 734 2236 et
750 2203 958 2241 ostendant,
986 2198 1076 2235 banc
1095 2214 1213 2235 vocem

223 2262 355 2299 Christi
372 2271 451 2293 sere
467 2257 624 2291 divinam
643 2266 732 2295 esse,
755 2260 787 2287 et
805 2250 900 2286 bunc
918 2253 1096 2286 doctorem
1108 2250 1212 2286 Cbri-

225 2323 315 2349 stum
342 2323 498 2345 veracem
522 2315 554 2342 et
580 2319 597 2340 a
623 2304 698 2340 Deo
725 2304 870 2338 missum
892 2315 975 2338 esse.
1035 2303 1093 2337 Sic
1119 2305 1212 2337 euim

224 2366 389 2400 omuibus
409 2359 627 2404 temporibus
645 2369 718 2390 sese
735 2354 830 2390 Deus
848 2354 1025 2400 patefecit,
1062 2362 1098 2388 ut
1117 2356 1213 2388 tosti—

222 2417 339 2451 monia
359 2413 518 2448 miranda
538 2409 687 2444 subinde
706 2408 813 2440 verbo
830 2405 1017 2446 addiderit,
1045 2418 1090 2439 ne
1107 2418 1215 2447 genus

225 2468 419 2502 humanum
439 2465 474 2497 iu
497 2462 552 2496 bis
568 2459 852 2494 dubitationibus
870 2464 1045 2495 maneret.
1074 2458 1152 2502 quis
1170 2458 1213 2491 sit
1237 2479 1240 2517 4

226 2520 341 2557 Deus,
369 2524 399 2549 et
424 2516 518 2561 quod
543 2513 585 2546 sit
611 2513 756 2545 verbum
777 2509 861 2551 Dei,
897 2522 935 2542 ac
954 2509 1026 2542 vult
1046 2508 1141 2542 Deus
1166 2509 1211 2542 ita

226 2570 364 2612 agnosci
385 2576 417 2602 ct
438 2564 614 2603 invocari,
643 2570 680 2597 nt
699 2573 797 2595 niens
819 2562 884 2594 fide
902 2561 1042 2593 intnens
1060 2567 1091 2593 ct
1111 2560 1211 2592 imo-
1236 2571 1238 2596 ι

226 2634 304 2655 cans
325 2620 458 2658 Deum,
486 2623 646 2661 :gnoscat
667 2622 697 2647 rt
719 2614 854 2646 invocet
878 2610 972 2646 bun«-
991 2609 1124 2649 Drum,
1152 2611 1210 2656 qni

226 2686 259 2707 sc
280 2671 381 2705 editis
399 2671 500 2703 critis
519 2677 547 2702 et
569 2666 787 2701 admirandis
805 2663 1015 2697 testimoniis
1041 2663 1212 2708 pan-sven,

824 75 947 112 I'HlL.
977 74 1091 111 MEL.
1121 74 1329 110 SCRIPTA
1359 73 1658 111 EXEGETICA.

2175 76 2250 112 788

1272 160 1388 205 qualia
1413 161 1580 195 omnibus
1602 162 1822 206 temporibus
1845 162 1936 196 edita
1959 169 2060 202 sunt,
2099 170 2139 198 ut
2163 164 2259 209 quod

1273 211 1374 244 initio
1393 210 1507 245 Adam
1524 220 1556 246 et
1570 212 1705 246 Hevam
1728 225 1847 247 coram
1870 212 2079 258 alloquitur,
2112 220 2147 248 et
2163 214 2257 248 edita

1271 262 1506 305 promissione
1523 264 1638 297 statim
1654 264 1691 297 in
1709 265 1813 297 corde
1827 264 2103 298 consolationem
2119 264 2169 298 eis
2185 265 2260 309 ipse

1272 313 1376 354 dicit,
1404 325 1471 358 qua
1492 321 1675 348 senserunt
1691 326 1726 348 se
1748 314 1892 348 liberari
1917 326 1958 348 ex
1979 322 2111 357 morte,
2146 321 2180 349 et
2196 316 2260 349 de·

1271 375 1343 396 nuo
1370 363 1550 397 vivificari.
1608 364 1733 399 Postea
1755 366 1873 399 addita
1899 372 1983 400 sunt
2007 366 2166 410 patribus
2190 365 2260 399 alia

1272 414 1487 448 testimonia:
1524 416 1730 449 sacrificium
1748 415 1853 451 Abeli
1877 417 2037 451 incendit
2057 423 2090 451 et
2105 416 2261 450 absumit

1272 465 1364 508 ignis
1381 466 1424 498 de
1439 466 1556 507 coelo,
1586 473 1620 500 et
1641 467 1710 500 suit
1733 464 1800 502 hoc
1823 467 2065 502 testimonium
2090 467 2259 502 usitatum

1272 527 1383 561 usque
1401 517 1444 550 ad
1464 523 1621 561 tempora
1637 514 1753 552 Noah.

1373 583 1457 618 Post
1474 591 1588 619 secuta
1605 590 1687 618 sunt
1702 584 1790 626 alia,
1817 585 2042 621 incolumitas
2064 597 2258 631 paucorum

1273 634 1310 667 in
1328 635 1483 674 diluvio,
1511 635 1651 669 eductio
1669 635 1792 680 populi
1807 649 1846 670 ex
1862 636 2020 683 Aegypto
2032 664 2041 679 ‚
2067 643 2131 673 etc.
2164 635 2262 670 Haec

1245 696 1247 707 ¹
1273 686 1392 719 omnia
1418 698 1458 719 co
1486 686 1663 730 proposita
1683 693 1783 728 sunt,
1809 687 1890 732 quia
1909 689 2022 723 voluit
2039 688 2137 723 Deus
2158 688 2201 721 de
2223 698 2260 720 se

1272 744 1305 770 et
1328 737 1372 770 de
1401 738 1508 770 verbo
1537 749 1601 771 suo
1632 737 1833 771 testimonia
1867 745 2002 778 extare,
2039 746 2078 773 ut
2100 739 2261 778 sciretur,

1273 789 1532 830 agnoscendum
1568 795 1601 821 et
1635 788 1873 822 invocandum
1905 801 1978 822 esse
2009 787 2106 824 hunc
2136 800 2260 823 verum

1272 837 1406 878 Deum,
1434 839 1495 884 qui
1521 851 1556 872 se
1583 839 1752 872 immensa
1777 840 1935 874 bonitate
1959 840 2009 874 sic
2031 840 2261 885 patefecisset,

1272 897 1305 924 et.
1330 890 1476 923 verbum
1502 902 1581 923 cum
1605 887 1660 923 bis
1685 890 1896 924 testimoniis
1915 891 2080 926 traditum
2097 903 2178 925 vere
2195 903 2260 924 vo-

1272 952 1345 973 cem
1368 941 1526 973 divinam
1548 948 1581 974 et
1605 953 1763 975 veracem
1790 953 1874 975 esse.
1937 941 2034 976 Haec
2058 942 2260 977 testimonia

1273 992 1514 1035 patet'actionis
1530 992 1604 1025 vult
1622 992 1721 1026 Deus
1740 1004 1835 1026 nunc
1852 1005 1993 1039 quoque
2007 1000 2145 1027 nostras
2160 1004 2262 1026 men-

1271 1050 1321 1076 tes
1345 1042 1383 1075 in
1407 1043 1505 1076 omni
1532 1043 1757 1077 invocatione
1781 1044 1932 1083 intueri,
1972 1051 2012 1078 ut
2033 1043 2129 1079 hunc
2145 1042 2260 1078 Deum

1270 1093 1514 1139 alloquamur,
1542 1094 1603 1139 qui
1620 1091 1704 1128 haec
1722 1095 1765 1127 de
1781 1106 1817 1128 se
1834 1095 2033 1129 testimonia
2050 1095 2172 1130 edidit.
2207 1093 2260 1128 lta

1271 1145 1550 1190 quotiescunque
1572 1145 1702 1178 ordiris
1725 1145 2006 1187 invocationem,
2034 1143 2130 1180 hunc
2145 1144 2261 1180 Deum

1271 1196 1459 1239 compelles
1476 1203 1508 1229 et
1524 1196 1735 1241 alloquaris,
1764 1197 1825 1241 qui
1841 1208 1877 1230 se
1891 1197 1997 1231 misso
2014 1197 2088 1231 filio
2105 1196 2261 1231 Domino

1270 1254 1391 1293 nostro
1404 1246 1481 1280 lesu
1492 1244 1633 1281 Christo
1646 1247 1817 1291 patefecit.
1844 1245 1892 1282 Et
1907 1245 2003 1282 hunc
2017 1248 2134 1292 ipsum
2148 1247 2261 1281 filium

1271 1297 1377 1331 simul
1395 1309 1562 1341 agnoscas
1582 1304 1615 1332 et
1639 1298 1800 1339 invoces,
1836 1305 1869 1332 et
1893 1310 1911 1331 a
1938 1299 2082 1333 caeteris
2101 1297 2262 1332 numini-

1270 1349 1336 1381 bus
1371 1349 1622 1381 commentitiis
1647 1346 1714 1381 hoc
1739 1348 1816 1392 ipso
1838 1349 2044 1384 testimonio
2068 1350 2258 1390 discernas,

1270 1399 1365 1444 quod
1386 1398 1518 1432 Lazaro
1546 1399 1654 1432 vitam
1677 1399 1849 1440 restituit,
1883 1407 1915 1434 et
1939 1399 2013 1444 ipse
2038 1400 2145 1445 paulo
2170 1406 2260 1445 post,

1269 1450 1390 1483 divina
1410 1450 1566 1493 potentia
1584 1462 1602 1483 a
1619 1456 1732 1484 morte
1748 1450 1952 1485 resurrexit.

1371 1518 1533 1553 Secunda
1552 1530 1652 1553 causa
1664 1546 1673 1560 ‚
1697 1525 1841 1564 propter
1856 1530 1963 1565 quam
1982 1519 2152 1553 miracula
2170 1520 2258 1554 facta

1269 1576 1303 1603 et
1322 1570 1464 1604 recitata
1482 1576 1582 1608 sunt,
1619 1567 1703 1603 haec
1721 1576 1787 1604 est:
1824 1569 1872 1605 Ut
1888 1570 1960 1604 sint
1977 1569 2137 1617 exempla
2157 1577 2191 1605 et
2207 1577 2259 1605 te-

1269 1621 1434 1654 stimonia
1471 1621 1760 1665 promissionum.
1834 1619 2029 1655 Testantur
2062 1617 2261 1666 Prophetae

1269 1670 1436 1704 Messiam
1455 1679 1645 1705 venturum
1663 1683 1754 1712 esse,
1780 1679 1813 1706 et
1830 1671 1996 1707 daturum
2015 1672 2259 1707 remissionem

1269 1729 1490 1767 peccatorum
1511 1719 1583 1764 his,
1610 1723 1671 1768 qui
1693 1723 1762 1756 fide
1778 1723 1821 1755 ad
1838 1722 1953 1767 ipsum
1971 1723 2199 1767 confugiunt,
2227 1730 2260 1757 et

1268 1774 1523 1819 opitulaturum
1540 1774 1625 1818 ipsis
1643 1774 1680 1807 in
1696 1773 1863 1807 omnibus
1883 1773 2041 1807 consiliis
2063 1785 2102 1807 ac
2120 1774 2260 1818 pericu-

1268 1826 1329 1867 lis,
1355 1832 1393 1859 ut
1411 1825 1542 1859 dicitur
1558 1823 1682 1858 Esaiae
1700 1824 1776 1859 61.:
1811 1823 1965 1867 Spiritus
1981 1823 2129 1858 Domini
2154 1836 2261 1870 super

1268 1889 1339 1917 me,
1366 1889 1406 1910 eo
1425 1877 1521 1921 quod
1539 1876 1682 1910 unxeris
1705 1887 1782 1913 me,
1819 1876 1864 1907 ad
1894 1875 2182 1909 annuntiandum
2198 1876 2258 1919 ‘af-

1267 1928 1372 1960 ssictis
1405 1927 1501 1961 misit
1531 1938 1603 1967 me,
1645 1934 1684 1960 ut
1706 1926 1867 1959 mederer
1889 1926 2050 1960 contritis
2070 1927 2193 1965 corde,
2225 1933 2259 1961 et

1268 1978 1518 2012 annuntiarem
1550 1977 1698 2021 captivis
1731 1977 1942 2010 libertatem.
2010 1976 2056 2011 Et
2082 1975 2258 2011 Dominus

1268 2029 1340 2074 ipse
1359 2029 1491 2075 inquit:
1521 2027 1648 2061 Venite
1662 2028 1704 2061 ad
1724 2040 1778 2060 me
1794 2039 1934 2068 omnes,
1961 2027 2021 2074 qui
2040 2028 2209 2062 laboratis
2224 2036 2259 2063 et

1268 2081 1403 2114 onerati
1422 2080 1521 2121 estis,
1549 2086 1582 2113 et
1599 2091 1660 2123 ego
1680 2079 1832 2112 reficiam
1852 2090 1924 2114 vos».

1370 2147 1417 2183 Ut
1436 2148 1544 2192 igitur
1560 2147 1596 2180 in
1617 2154 1804 2191 conspectu
1822 2145 1989 2180 omnibus
2003 2146 2066 2187 sit,
2095 2143 2157 2180 has
2173 2159 2256 2192 pro-

1267 2200 1452 2234 missiones
1468 2211 1539 2233 non
1555 2210 1627 2232 esse
1643 2197 1900 2232 commentitias
1916 2204 1975 2232 aut
1991 2197 2120 2238 irritas,
2137 2209 2257 2231 exem-

1267 2253 1322 2297 pla
1348 2249 1474 2285 barum
1499 2249 1772 2295 promissionum
1793 2249 1830 2282 in
1847 2249 2026 2283 miraculis
2048 2260 2256 2293 proponun-

1267 2312 1335 2344 tur,
1360 2303 1395 2336 in
1413 2302 1544 2348 quibus
1559 2302 1617 2335 dat
1636 2300 1876 2335 remissionem
1895 2306 2118 2344 peccatorum
2136 2306 2168 2333 et
2187 2300 2256 2335 alia

1267 2354 1452 2394 beneficia,
1496 2361 1533 2387 ιιι
1560 2353 1644 2386 dicit
1669 2353 1712 2386 de
1738 2351 1926 2396 peccatrice
1951 2350 2066 2385 Lucae
2086 2350 2139 2384 7.:
2181 2349 2255 2386 Re-

1268 2406 1369 2439 missa
1395 2412 1474 2439 sunt
1500 2405 1530 2438 ei
1554 2411 1690 2448 peccata
1711 2403 1839 2441 multa,
1865 2409 1929 2437 etc.
1991 2401 2034 2436 lit
2052 2403 2094 2436 ad
2114 2402 2254 2449 paraly-

1267 2458 1392 2491 ticum:
1436 2456 1506 2490 Fili
1538 2455 1681 2489 'rt-missa
1712 2461 1793 2487 suut
1824 2453 1887 2487 tibi
1911 2460 2050 2498 peccata
2075 2460 2152 2493 tua,
2190 2459 2254 2490 etc.

1266 2507 1375 2542 Addit
1406 2515 1437 2542 ct
1463 2506 1627 2541 beneficia
1650 2505 1846 2550 corporalia
1864 2504 2023 2538 restituta
2041 2504 2254 2545 valetudine,

1266 2561 1382 2594 reddit
1404 2558 1552 2593 mortuis
1577 2557 1703 2596 vitam,
1746 2563 1784 2590 ut
1810 2556 1960 2590 sciamus
1986 2556 2099 2601 ipsum
2122 2562 2155 2589 et
2179 2567 2252 2589 esse

1266 2611 1451 2650 Messinm,
1486 2616 1516 2643 ct
1540 2621 1612 2641 esse
1637 2609 1795 2641 datorem
1820 2607 1931 2648 vitae,
1964 2613 1998 2641 et
2021 2606 2189 2640 victorem
2213 2618 2253 2641 ae

1265 2661 1456 2696 Dominum
1475 2661 1609 2704 mortis,
1628 2659 1782 2705 denique
1799 2666 1837 2694 ut
1854 2659 2004 2693 sciamus
2020 2657 2134 2703 ipsum
2154 2669 2254 2703 posse
