2409 2915
309 123 390 160 XII.

66 210 238 255 petitione
261 211 516 255 corporalium,
547 222 626 244 cum
652 209 865 254 experientia
890 209 1055 251 ostendit,

66 273 142 295 non
167 261 272 295 fuisse
295 262 430 296 irritam
448 261 684 306 precationem
697 288 705 300 ,
733 267 770 294 ut
788 261 825 293 in
843 260 982 294 Psalmo
1000 261 1054 294 di-

64 311 173 346 citur:
202 311 268 346 Iste
284 324 417 357 pauper
431 313 595 345 clamavit
611 312 653 344 ad
668 311 865 345 Dominum
877 337 887 352 ,
917 318 949 345 et
959 310 1053 345 Deus

66 363 246 397 exaudivit
269 375 358 396 eum.
410 361 614 402 Postremo,
639 362 716 395 vult
739 362 843 395 etiam
861 361 955 395 Deus
974 373 1052 405 gra-

65 412 194 447 tiarum
219 413 356 447 actione
377 412 446 446 coli
473 419 617 456 propter
643 412 887 451 liberationes,
916 419 954 446 ut
971 413 1052 445 dul-

65 463 203 498 cissime
225 463 355 498 dicitur
377 465 411 498 2.
428 460 591 498 Corinth,
621 463 672 504 1.,
710 463 773 497 ubi
798 462 928 496 Paulus
954 463 1051 497 iubet

63 514 197 548 multos
212 526 275 559 pro
290 525 325 548 se
340 520 474 558 petere,
500 520 538 548 ut
555 514 657 548 multi
675 520 778 557 agant
792 512 928 557 gratias.

166 580 234 615 Sed
264 577 322 613 hic
350 580 473 614 obiicit
498 578 653 615 humana
676 581 916 614 imbecillitas:
950 579 1047 623 Quid

63 631 188 666 attinet
210 637 343 674 petere,
370 643 448 664 cum
474 632 624 665 sciamus
648 639 811 676 oportere
836 644 899 665 nos
917 631 1048 674 affligi?

62 682 152 716 sicut
181 680 350 725 scriptum
374 687 440 715 est:
477 681 615 727 Corpus
637 689 752 716 autem
776 683 971 715 subiectum
997 688 1047 715 est

60 730 168 765 morti
199 737 343 775 propter
373 738 564 776 peccatum.
623 731 709 766 Item
734 733 959 766 manifestum
984 739 1045 771 est,

61 793 162 826 saepe
194 793 267 815 non
295 782 435 816 liberari
460 795 499 816 ex
523 783 766 827 praesentibus
788 783 1046 816 calamitatibus

61 838 218 874 sanctos,
245 839 283 865 ut
296 831 488 874 Ionatlian,
517 833 780 867 Maccabaeum.
833 833 922 867 Cum
938 833 1046 876 igitur

59 883 249 917 debeamus
272 883 398 917 offerre
423 884 681 925 obedientiam,
709 891 749 918 ut
770 881 932 918 Christus
956 889 1045 922 orat,

58 940 290 968 veruntamen
307 945 380 968 non
399 946 474 968 mea
491 935 672 975 voluntas,
705 936 763 968 sed
780 941 838 968 tua
856 935 932 975 fiat,
958 934 1044 979 quid

57 985 203 1030 prodest
222 984 359 1028 petitio,
385 992 417 1018 et
435 985 578 1030 quidem
598 998 676 1019 cum
693 985 938 1019 dubitatione?

160 1041 392 1087 Respondeo:
421 1043 591 1077 Tenenda
617 1050 666 1078 est
692 1044 811 1086 regula
835 1043 1044 1082 firmissime,

60 1093 156 1138 quod
176 1093 271 1127 Deus
296 1095 516 1128 mandaverit
538 1101 570 1128 et
595 1095 747 1138 postulet
772 1094 1045 1134 invocationem,

59 1150 95 1177 et
124 1145 220 1189 quod
246 1156 428 1190 nunquam
454 1145 497 1178 sit
522 1145 639 1178 inanis
662 1152 720 1178 aut
744 1145 842 1179 irrita
868 1144 1044 1178 invocatio

59 1194 220 1238 piorum,
251 1195 387 1228 etiamsi
414 1195 575 1229 liberatio
600 1195 782 1236 differtur,
815 1202 876 1229 aut
899 1207 972 1228 non
997 1195 1044 1228 ita

59 1247 276 1289 respondent
299 1252 463 1286 eventus,
489 1253 528 1279 ut
548 1257 613 1279 nos
636 1246 888 1288 imaginamur,
915 1252 948 1279 et
971 1257 1044 1278 non

61 1301 114 1329 est
135 1302 315 1334 nostrum,
342 1296 576 1339 praescribere
599 1296 674 1330 Deo
695 1297 840 1330 modum
865 1295 1045 1339 opitulan-

59 1345 116 1383 di,
145 1352 177 1378 et
199 1357 263 1378 nos
289 1347 332 1378 ad
356 1346 593 1379 obedientiam
617 1346 764 1389 obligati
787 1357 928 1386 summ,
955 1346 1045 1379 sicut

58 1393 219 1429 Christus
236 1395 367 1440 inquit:
396 1395 475 1429 Tua
492 1396 656 1429 voluntas
672 1397 743 1431 fiat.

160 1451 298 1487 Deinde
327 1453 476 1486 sciamus
506 1464 644 1497 semper
672 1454 742 1486 duo
767 1453 902 1487 obiecta
929 1452 1045 1486 inclu-

57 1503 173 1537 denda
206 1514 278 1536 esse
308 1503 347 1536 in
371 1503 576 1548 petitionem
600 1505 854 1548 corporalium:
891 1502 1041 1538 Univer-

57 1565 131 1586 sam
155 1551 366 1594 Ecclesiam,
391 1561 423 1587 et
447 1554 618 1597 privatam
644 1556 896 1588 necessitatem.
947 1553 1043 1587 Peti-

56 1604 108 1638 tio
140 1604 190 1647 pii
219 1615 355 1647 semper
383 1604 548 1651 impetrat
571 1605 756 1639 universae
777 1603 975 1644 Ecclesiae,
1010 1610 1044 1637 et

57 1655 106 1687 ita
137 1653 224 1688 fides
252 1660 381 1688 statuat
401 1661 512 1688 ratam
539 1666 611 1687 esse
634 1652 724 1688 hane
748 1656 975 1699 petitionem,
1010 1661 1043 1687 et

70 122 144 163 885

447 120 837 160 ANNOTATIONES
864 121 931 158 ET
959 121 1238 159 CONCIONES
1272 121 1322 159 IN
1357 120 1541 159 EVANG.
1571 123 1849 159 MATTHAEL

226 1705 233 1711 .
390 1704 398 1711 .
428 1704 436 1712 .
516 1704 523 1712 .
544 1705 553 1712 .
932 1705 939 1711 ,
1067 1669 1178 1715 lDei,
1213 1679 1246 1702 et
1277 1674 1409 1702 caetera
1439 1666 1652 1700 adiicientur
1680 1666 1790 1700 vobis.

56 1717 132 1738 non
149 1705 303 1745 dubitet,
328 1716 437 1748 recipi
455 1711 658 1749 petitionem
675 1704 780 1739 aDeo
797 1718 859 1750 pro
878 1716 1042 1738 universa
1068 1723 1070 1744 ;

2019 127 2093 162 886

1456 208 1589 261 Caput
1629 208 1752 251 XVI.

1157 287 1211 322 Et
1234 287 1437 322 accedentes
1452 286 1654 322 Pharisaei
1671 302 1748 323 cum
1767 287 1998 324 Sadducaeis
2017 294 2092 322 len-

1206 343 1326 373 tanles·
1345 339 1528 384 rogabant
1546 351 1646 383 etun,
1676 345 1711 373 it!
1728 341 1874 387 signum
1892 353 1908 374 e
1927 339 2021 374 coelo
2041 340 2091 373 eis

1206 388 1423 432 ostenderet,
1451 395 1512 426 etc.

1456 487 1594 513 Primus
1623 488 1734 513 locus.

1201 541 1254 576 De
1279 541 1407 585 signis,
1435 548 1473 575 ut
1495 553 1599 585 supra
1623 540 1735 584 capite
1755 541 1833 579 12„
1858 541 2088 576 iudicandum

1100 593 1217 638 potius
1245 593 1437 626 secundum
1468 592 1615 624 verbum
1647 592 1737 631 Dei,
1777 592 1963 632 traditum,
2004 594 2086 626 inde

1072 636 1076 684 l
1099 656 1209 689 usque
1232 644 1274 676 ah
1293 643 1395 676 initio
1414 642 1451 675 in
1469 640 1622 675 Ecclesia
1640 655 1701 686 per
1719 641 1854 684 Patres,
1880 640 2086 687 Prophetas,

1097 693 1277 728 Christum
1294 701 1326 727 et
1344 693 1553 737 Apostolos,
1581 699 1643 726 etc.

1245 765 1375 804 Cavete
1391 767 1612 816 asermento
1630 764 1933 804 Pharisaeorum.

1421 858 1611 884 Secundus
1639 859 1750 883 locus.

1201 911 1246 947 Il.
1301 910 1499 945 Solicitudo
1525 911 1568 944 de
1585 911 1745 955 panibus.
1799 909 1981 955 Principio
2000 914 2085 946 anni

1097 963 1243 997 secundi
1277 969 1353 1006 post
1379 962 1601 996 interfectum
1624 959 1820 994 Iohannem
1846 962 2002 1004 secessit,
2039 975 2084 997 ne

1097 1015 1140 1048 ab
1159 1014 1300 1048 Herode
1317 1018 1509 1057 caperetur.

1342 1097 1441 1132 Duae
1460 1103 1541 1131 sunt
1559 1095 1834 1130 admonitiones.

1198 1163 1278 1199 Una
1309 1161 1500 1208 prohibens
1529 1161 1790 1195 solicitudinem
1821 1162 1864 1195 de
1893 1162 2007 1204 victu,
2048 1171 2082 1198 et

1097 1216 1310 1255 defensione,
1339 1221 1371 1248 et
1387 1214 1561 1246 deducens
1577 1223 1641 1244 nos
1657 1213 1699 1245 ad
1715 1213 1870 1256 exempla
1887 1223 1958 1246 sua.
2012 1213 2081 1247 Hic

1070 1272 1073 1329 ι’
1096 1267 1193 1299 locus
1215 1272 1380 1304 testatur,
1405 1263 1560 1307 exempla
1586 1262 1665 1295 ideo
1689 1263 1775 1297 facta
1800 1274 1888 1303 esse,
1915 1270 1953 1297 ut
1977 1265 2082 1298 nobis

1070 1331 1073 1356 i
1096 1317 1200 1350 etiam
1223 1315 1400 1359 proposita
1424 1325 1496 1347 esse
1519 1313 1685 1354 sciamus,
1712 1320 1751 1347 ut
1769 1313 1900 1347 similes
1917 1315 2081 1348 consola-

1070 1358 1073 1383 l
1096 1367 1209 1400 tiones
1234 1371 1488 1409 exspectemus,
1514 1363 1603 1396 sicut
1621 1363 1706 1396 alias
1722 1375 1823 1407 saepe
1840 1365 1881 1396 de
1899 1365 2080 1399 miraculis

1069 1390 1073 1435 l
1096 1417 1267 1457 diximus,
1299 1415 1393 1461 quod
1417 1415 1487 1447 sint
1513 1414 1669 1457 exempla
1693 1414 1982 1456 promissionum.
2034 1415 2080 1449 Et

1070 1438 1072 1496 l
1095 1466 1152 1501 hic
1175 1468 1367 1507 discamus,
1400 1465 1494 1510 quod
1520 1462 1616 1498 Deus
1639 1464 1721 1497 velit
1744 1465 1894 1497 exerceri
1919 1465 2020 1497 fidem
2046 1473 2081 1500 et

1094 1518 1354 1552 invocationem
1371 1515 1628 1560 exspectatione
1639 1515 1873 1558 corporalium
1888 1516 2081 1550 beneficio-

1094 1581 1174 1603 rum
1188 1595 1196 1609 ,
1224 1579 1312 1613 quae
1337 1566 1528 1600 necessaria
1547 1572 1639 1599 sunt.
1694 1565 1762 1598 Sed
1781 1566 1898 1608 regula
1916 1568 2080 1608 tenenda,

1068 1631 1071 1668 Ι
1094 1632 1199 1665 quam
1223 1630 1324 1662 saepe
1348 1617 1554 1662 repetimus:
1584 1615 1741 1648 Primum
1759 1616 1915 1660 quaerite
1931 1629 2079 1660 regnum

1844 1666 2002 1700 Primum
2033 1669 2077 1702 sit

1094 1732 1154 1754 cor
1169 1719 1269 1753 fidele
1287 1725 1318 1752 et
1335 1719 1379 1752 sit
1396 1716 1608 1751 conscicntia
1624 1717 1727 1749 bona.
1779 1715 1902 1749 Postea
1920 1725 2079 1760 petamus

57 1754 225 1789 ECCIeSla·
276 1754 448 1789 Privatim
470 1768 553 1789 vem
577 1767 641 1799 9¹⁸⁰
664 1756 768 1790 ηοω-ς
793 1763 909 1800 petere
934 1755 1042 1788 debe*
1067 1750 1070 1788 l
1094 1778 1126 1804 et
1144 1776 1380 1815 exspectemus
1398 1780 1415 1802 a
1433 1766 1509 1801 Deo
1525 1766 1762 1800 defensionem
1782 1773 1814 1800 et
1829 1768 2016 1810 auxilium,
2044 1776 2078 1802 et

55 1816 135 1839 mus
158 1817 236 1839 cum
263 1803 327 1838 hac
351 1805 572 1846 conditione,
598 1813 637 1840 ut
660 1818 724 1840 nos
743 1808 786 1841 ad
804 1806 1041 1841 obedientiam

56 1856 263 1895 offeramus,
288 1855 378 1890 sicut
394 1868 429 1890 se
446 1857 548 1890 offert
564 1855 735 1891 Christus·

159 1913 222 1948 Vl.
276 1913 475 1959 Applicatio
494 1912 673 1950 historiae.

160 1972 266 2016 Quod
283 1972 445 2008 Christus
471 1974 582 2018 pascit
600 1975 778 2008 auditores
798 1985 897 2019 suos,
924 1981 1042 2008 osten-

58 2024 156 2058 ditur
185 2024 382 2069 exemplum
408 2025 667 2070 promissionis:
703 2024 861 2059 Primum
886 2025 1043 2070 quaerite

58 2086 207 2122 regnum
229 2073 314 2116 Dei,
352 2083 386 2110 et
410 2082 543 2109 caetera
570 2076 781 2110 adiicientur
802 2076 914 2110 vobis.
966 2074 1042 2108 Hac

58 2126 128 2159 fide
150 2136 339 2170 sequamur
363 2123 565 2167 Christum,
591 2128 700 2161 simus
723 2127 841 2160 fideles
863 2127 902 2159 in
925 2126 1041 2160 studio

59 2183 93 2210 et
116 2175 366 2220 propagatione
384 2173 586 2220 Evangelii,
610 2184 644 2211 et
667 2177 705 2210 in
729 2188 789 2210 sua
815 2177 963 2222 quisque
979 2188 1042 2209 vo-

61 2226 222 2270 catione,
249 2232 282 2260 et
305 2233 540 2269 exspectemus
557 2238 575 2260 a
592 2227 666 2260 filio
685 2226 751 2261 Dei
771 2227 962 2265 auxilium,
989 2226 1042 2258 vi-

59 2284 154 2312 ctum
185 2284 219 2310 et
249 2277 501 2312 defensionem.
567 2276 674 2320 Quod
702 2289 785 2310 vero
816 2278 915 2311 iubet
944 2277 1041 2320 Apo-

60 2329 169 2363 stolos
193 2339 409 2372 proponere,
443 2335 562 2361 monet
585 2328 836 2371 gubernatores
857 2327 1043 2368 Ecclesiae,

60 2385 100 2413 ut
135 2385 259 2413 curent
285 2378 523 2423 eleemosynas
554 2379 649 2417 dari,
685 2385 717 2412 et
741 2378 852 2412 sciant
878 2390 949 2411 non
975 2377 1043 2410 mi-

61 2430 144 2469 nui,
183 2430 245 2463 sed
276 2429 395 2472 augeri
424 2429 604 2463 facultates
637 2429 877 2474 eleemosynis.
937 2427 1043 2462 Tecte

62 2488 96 2514 et
125 2480 321 2514 doctrinam
351 2479 542 2523 signifieat,
576 2477 666 2513 hanc
697 2485 898 2524 proponant
921 2479 1045 2512 docto-

62 2543 136 2570 res,
170 2537 203 2565 et
226 2530 393 2573 colligant
417 2530 604 2575 reliquias,
631 2537 752 2564 curent
777 2530 961 2574 propagari
985 2541 1043 2562 ve-

1093 1822 1261 1864 sciamus,
1295 1820 1390 1864 quod
1421 1818 1505 1851 velit
1536 1815 1621 1851 haec
1650 1817 1721 1862 peti
1744 1824 1776 1851 et
1799 1819 2008 1862 exspectari,
2043 1827 2077 1853 et

1056 1872 1057 1875 '
1093 1873 1188 1918 quod
1206 1871 1290 1905 velit
1304 1882 1405 1914 opem
1420 1870 1523 1902 ferre.

1195 1921 1253 1956 Sic
1283 1931 1384 1964 saepe
1413 1920 1513 1952 docet
1535 1918 1722 1963 scriptura:
1759 1918 1976 1953 Commenda
2001 1919 2076 1955 Deo

1093 1973 1186 2006 viam
1210 1979 1303 2013 tum,
1334 1978 1367 2005 et
1391 1971 1463 2014 ipse
1489 1969 1602 2004 faciet.
1658 1968 1750 2002 lacta
1775 1981 1892 2003 curam
1918 1976 2012 2004 tuam
2039 1972 2077 2004 in

1092 2023 1225 2064 Deum,
1260 2030 1293 2057 et
1317 2022 1390 2065 ipse
1413 2020 1565 2054 enutriet
1589 2026 1631 2053 te.
1686 2018 1790 2063 Tales
1815 2020 1970 2063 insignes
1995 2034 2076 2055 sen-

1093 2074 1219 2109 tentias
1249 2072 1382 2106 debetis
1405 2070 1624 2109 meminisse,
1658 2076 1695 2104 ut
1720 2071 1931 2113 cogitatione
1955 2084 2076 2106 earum

1093 2125 1304 2158 accendatur
1326 2123 1411 2156 fides
1436 2127 1469 2155 et
1494 2121 1687 2162 invocatio,
1713 2127 1746 2154 et
1772 2119 1927 2154 habeatis
1951 2134 2076 2156 conso-

1093 2175 1280 2216 lationem,
1307 2180 1340 2207 et
1364 2173 1468 2206 corda
1488 2172 1616 2205 debent
1635 2172 1670 2204 in
1689 2170 1763 2204 Deo
1782 2171 2015 2216 acquiescere,
2042 2180 2076 2207 et

1094 2238 1189 2270 spem
1217 2232 1250 2259 et
1275 2223 1565 2269 exspectationem
1591 2222 1726 2255 firmam
1751 2219 1898 2262 habere,
1931 2229 1964 2257 et
1986 2223 2075 2258 scire

1093 2288 1166 2310 non
1183 2287 1256 2310 esse
1270 2275 1406 2309 irritam
1425 2273 1528 2308 talem
1548 2284 1644 2320 spem
1662 2279 1693 2306 et
1711 2273 2014 2316 exspectationem.

1393 2357 1554 2393 Secunda
1575 2356 1781 2392 admonitio,

1194 2426 1249 2462 De
1264 2426 1420 2461 cavendo
1431 2426 1602 2458 fermento
1614 2423 1719 2456 falsae
1730 2423 1919 2458 doctrinae.
1952 2424 2076 2469 Quan-

1095 2479 1281 2523 docunque
1305 2478 1400 2513 Deus
1431 2474 1577 2508 tradidit
1598 2485 1714 2507 veram
1740 2474 1953 2516 doctrinam,
1985 2488 2076 2510 sem-

1095 2541 1158 2574 per
1182 2529 1300 2563 addita
1324 2534 1374 2561 est
1398 2525 1611 2565 admonitio,
1636 2531 1674 2557 ut
1698 2524 1782 2557 falsa
1807 2525 1966 2559 doctrina
1991 2539 2077 2571 pru-

63 2593 119 2615 ras
147 2581 403 2622 enarrationes,
435 2593 480 2614 ne
509 2581 691 2615 doctrinae
721 2581 780 2614 lux
806 2581 1046 2623 exstinguatur
1069 2589 1072 2616 1
1096 2581 1221 2614 denter
1243 2587 1423 2617 caveatur,
1445 2576 1527 2622 quia
1552 2575 1636 2608 falsa
1663 2575 1850 2618 exstinguit
1865 2575 1988 2618 fidem,
2016 2590 2077 2612 ve-

64 2633 108 2665 ad
129 2639 304 2677 posteros,
331 2638 364 2666 et
382 2630 449 2666 lioc
467 2632 584 2667 studio
602 2632 667 2677 ipsi
685 2633 844 2666 doctores
860 2631 951 2666 fiunt
966 2643 1047 2666 eru-

64 2682 219 2720 ditiores,

1069 2621 1171 2664 *ram
1204 2630 1366 2664 notitiam
1387 2626 1473 2668 Dei,
1511 2637 1628 2659 veram
1659 2624 1936 2669 invocationem,
1977 2640 2078 2662 veros

1097 2682 1211 2717 cultus
1223 2708 1233 2723 ‚
1259 2688 1292 2715 et
1308 2687 1357 2715 est
1373 2689 1474 2713 causa
1488 2676 1611 2711 mortis
1625 2682 1796 2718 aeternae,
1823 2683 1855 2711 et
1870 2689 2078 2722 magnorum

1393 2726 1472 2763 56*
