2409 2915
238 84 334 122 1171

236 170 368 205 iudicio
402 166 660 212 simplicissima
698 172 749 200 est
779 163 866 199 haec
899 164 1091 199 sententia:
1136 163 1230 200 Sunt

237 221 459 263 mansiones,
489 218 621 252 scilicet
645 217 708 251 ubi
735 223 834 260 pater
855 216 1045 260 glorificat,
1080 216 1138 249 sed
1162 213 1228 249 hae

237 271 438 305 mansiones
462 270 622 303 nondum
650 268 831 302 absolutae
849 273 951 308 sunt,
981 267 1063 311 quia
1081 278 1228 310 regnum

237 322 362 355 mortis
393 321 553 354 nondum
585 326 636 353 est
669 325 886 353 evacuatum.
947 317 1086 351 Deinde
1117 319 1229 357 docet,

237 384 308 417 quo
334 372 440 405 modo
465 371 716 413 absolvantur,
744 381 823 403 curn
850 369 951 402 dicit:
978 368 1062 402 Ideo
1084 369 1156 401 dixi
1173 380 1228 400 me

237 423 439 460 abiturum,
474 428 512 455 ut
537 421 730 455 absolvam.
783 418 830 454 Et
855 420 939 465 quia
965 416 1033 453 hoc
1057 419 1229 463 praedixi,

237 473 380 506 credere
413 472 549 506 debetis
580 479 740 516 paratum
765 482 838 504 esse
865 471 981 504 locum
1008 469 1229 513 glorificandi

236 535 312 557 vos.
365 522 501 568 Estque
521 520 605 556 haec
624 522 820 556 sententiae
837 533 991 555 summa:
1020 520 1112 556 Sunt
1130 532 1229 565 prae-

237 574 402 608 destinati
425 585 514 619 quos
540 580 638 618 pater
655 573 915 616 glorificaturus
931 578 1003 615 est,
1030 573 1089 605 sed
1111 572 1136 604 ii
1155 582 1229 604 non

236 631 384 669 possunt
408 624 614 668 glorificari,
641 624 710 657 nisi
736 635 798 668 per
821 621 1026 663 Christum,
1053 623 1120 655 nisi
1143 622 1229 655 abo-

235 676 305 708 leat
337 673 500 709 Christus
531 682 711 719 peccatum
743 681 777 707 et
807 681 970 708 mortem.
1027 672 1156 713 Vides,
1190 684 1229 705 eo

235 726 353 759 redire
377 727 516 765 omnia,
546 724 730 760 Christum
755 737 849 767 esse,
876 725 936 770 qui
959 731 1057 769 paret
1075 723 1229 756 mansio-

236 788 297 810 nes
314 788 387 809 non
408 789 508 821 posse
524 788 589 809 nos
608 777 677 809 nisi
697 788 760 820 per
777 774 962 810 Christum
978 775 1178 818 glorificari.

317 874 364 906 Et
385 876 422 906 si
441 872 567 906 abiero
590 870 644 906 ad
661 871 878 919 parandum
903 871 1004 906 vobis
1027 871 1156 908 locum.

336 940 500 984 Pugnare
533 940 748 973 videbantur
779 938 864 973 haec
893 952 1017 984 supra:
1056 939 1096 973 ln
1121 941 1229 974 domo

233 991 344 1036 patris
368 992 436 1024 mei
461 991 664 1023 mansiones
686 991 819 1024 multae
843 998 945 1031 sunt,
974 998 1007 1025 et
1025 992 1053 1024 si
1072 1004 1144 1039 quo
1162 991 1228 1023 mi-

233 1054 316 1082 nus,
351 1042 514 1075 dixissem
541 1041 661 1081 vobis,
697 1041 779 1086 quia
807 1043 898 1075 vado
917 1049 980 1077 etc.
1035 1041 1086 1076 lta
1113 1049 1146 1075 et
1171 1039 1229 1075 hic

232 1104 390 1137 pugnare
414 1093 598 1130 videntur,
627 1094 722 1137 quod
741 1092 902 1126 Christus
922 1093 987 1133 ait,
1013 1093 1101 1126 scire
1118 1104 1176 1125 eos
1195 1099 1228 1126 et

232 1155 401 1189 quorsum
420 1144 539 1184 abeat,
567 1150 599 1176 et
617 1155 704 1188 quae
721 1144 766 1178 sit
785 1143 839 1175 via
859 1144 1088 1187 perveniendi
1105 1144 1148 1176 ad
1165 1155 1224 1188 pa-

231 1201 333 1229 trem.
387 1193 450 1228 Est
476 1201 591 1228 autem
616 1194 652 1226 in
679 1191 743 1227 hac
769 1201 867 1238 parte
895 1201 1009 1228 textus
1033 1195 1227 1228 observan-

231 1246 314 1279 dum
349 1252 452 1289 caput
480 1245 748 1289 disputationis,
785 1257 858 1278 non
886 1243 1054 1278 humanis
1080 1245 1228 1285 viribus,

231 1308 303 1329 non
320 1293 485 1329 humanis
502 1296 636 1329 meritis
653 1296 834 1330 iustificari
854 1308 936 1336 nos,
965 1297 1023 1329 sed
1042 1309 1102 1341 per
1119 1295 1227 1331 Chri-

231 1355 334 1381 stum.

319 1436 405 1484 Ego
429 1449 501 1485 quo
528 1435 662 1471 vadam
686 1437 808 1479 scitis,
845 1442 875 1471 e!
901 1437 997 1471 ciam
1023 1437 1137 1472 scitis.

333 1507 426 1551 Quia
459 1508 496 1539 in
530 1519 584 1539 me
617 1507 780 1549 creditis,
816 1519 893 1540 meo
925 1508 1070 1540 nomine
1094 1508 1226 1543 fecistis

230 1559 413 1598 miracula,
441 1558 579 1590 vidistis
599 1565 629 1590 et
650 1564 783 1601 patrem
801 1558 842 1589 (le
860 1569 915 1590 me
933 1559 1122 1599 testificari,
1146 1559 1226 1593 ideo

229 1611 325 1644 scitis
350 1616 382 1642 et
402 1609 679 1652 glorificaturum
698 1620 754 1641 me
772 1619 844 1641 esse
863 1615 1017 1653 patrem3
1047 1617 1224 1654 praeterea

229 1669 260 1695 et
284 1673 341 1695 me
370 1660 498 1701 nostis,
522 1672 722 1705 quanquam
750 1672 786 1692 ea
815 1666 927 1693 vestra
953 1660 1039 1693 fides
1063 1662 1225 1695 nondum

228 1713 402 1746 declarata
420 1711 464 1745 sit
483 1723 542 1744 seu
563 1711 708 1755 probata
726 1710 933 1747 tentatione.

407 1811 588 1853 Domine,
623 1811 801 1846 nescimus
828 1824 900 1859 quo
926 1810 1044 1848 radis.

329 1881 543 1926 Quanquam
575 1887 663 1914 esset
698 1881 733 1913 in
761 1879 942 1924 Apostolis
965 1881 1070 1924 tides,
1106 1889 1224 1916 tamen

228 1933 389 1965 nondum
421 1932 625 1975 capiebant,
657 1939 821 1975 oportere
849 1931 1004 1974 crucifigi
1030 1930 1225 1974 Christum,

226 1990 257 2016 et
283 1984 377 2028 quod
407 1995 468 2026 per
492 1989 642 2014 mortem
670 1993 817 2023 regnum
836 1979 998 2015 Christus
1022 1984 1223 2027 auspicatu-

226 2045 286 2068 rus
304 2041 390 2068 esset
404 2061 412 2074 ,
441 2033 548 2078 idque
565 2032 761 2077 spirituale.

484 2129 526 2161 Et
551 2138 623 2174 quo
646 2137 710 2171 ego
737 2123 832 2160 vado
854 2125 968 2161 scitis.

328 2195 438 2230 Paulo
470 2202 549 2229 ante
579 2195 792 2228 confirmans
827 2193 1018 2236 Apostolos
1048 2195 1222 2239 promittit

225 2249 320 2287 sore,
355 2255 393 2281 ut
417 2247 674 2289 glorificentur,
711 2244 767 2279 hic
793 2245 997 2287 subiungit,
1029 2248 1222 2290 quomodo,

225 2312 292 2345 qua
327 2299 380 2331 via
415 2299 484 2332 sint
521 2297 762 2339 glorificandi,
798 2297 824 2329 si
853 2297 996 2342 quidem
1023 2296 1095 2340 ipse
1122 2298 1218 2332 abeat

228 2362 374 2392 regnum
391 2357 595 2393 accepturus
612 2355 673 2383 ctc.
732 2347 814 2380 ldeo
832 2348 898 2385 ait,
927 2347 1025 2387 scire,
1052 2361 1220 2393 quorsum

227 2409 279 2434 eat
308 2409 339 2434 et
372 2414 460 2446 quae
494 2401 548 2433 xia
580 2400 636 2435 sit.
688 2397 734 2432 Et
769 2406 884 2432 tamen
917 2396 1077 2432 Thomas
1108 2408 1222 2441 negat,

227 2451 416 2496 Apostolos
455 2452 553 2485 scire.
625 2449 696 2493 Qui
729 2450 946 2483 conveniunt
978 2447 1089 2483 haec?
1149 2450 1219 2485 Re-

227 2505 402 2548 spondeo:
449 2501 533 2536 Erat
575 2502 609 2534 iu
647 2501 826 2545 Apostolis
864 2502 967 2539 fides,
1006 2508 1045 2534 ut
1077 2509 1218 2546 apparet

229 2553 353 2589 loann.
371 2553 445 2588 Vh:
485 2553 600 2586 Verba
630 2553 721 2585 vitae
748 2559 908 2586 aeternae
937 2549 1064 2591 habes.
1098 2559 1130 2586 et
1157 2565 1219 2585 nos

227 2606 401 2639 credimus
426 2613 458 2639 ct
481 2605 710 2646 cognovimus
729 2611 790 2638 etr.
846 2603 886 2635 ,Ι-ζΙ
915 2615 951 2635 Ν
981 2603 1095 2636 verbis
1113 2601 1218 2637 Chri-

227 2657 269 2692 sti
289 2658 400 2701 capite
421 2656 612 2700 superiori:
643 2654 713 2688 Vos
731 2654 853 2688 mutuli
874 2654 964 2687 estis.
1022 2655 1137 2700 Atque
1154 2652 1218 2688 hac

831 79 960 117 PHIL.
985 77 1104 116 MEL.
1133 77 1344 114 SCRIPTA
1372 75 1674 114 EXEGETICA.

2173 81 2273 118 1172

1279 163 1346 197 fide
1377 171 1505 198 norant
1527 162 1732 206 Christum,
1765 164 1851 210 qnid
1886 164 1942 199 via
1974 171 2024 199 est
2049 167 2093 199 ad
2117 173 2272 210 patrem;

1279 221 1408 248 norant
1434 222 1467 249 et
1491 222 1646 260 patrem,
1674 217 1769 262 quod
1787 216 1958 250 vidissent
1974 217 2165 258 miracula,
2191 219 2273 263 qui-

1280 267 1345 299 bus
1366 266 1427 299 ille
1450 266 1523 299 filio
1548 267 1788 301 testimonium
1808 265 2000 311 perhibuit.
2054 266 2149 301 Haec
2167 268 2272 302 fidem

1279 317 1315 349 in
1339 315 1595 361 Apostolorum
1627 318 1794 351 cordibus
1824 319 2007 360 aluerant,
2041 325 2164 364 estque
2186 316 2273 353 haec

1280 368 1344 400 filii
1375 376 1407 402 et
1441 368 1552 412 patris
1577 369 1746 411 cognitio.
1815 368 1883 403 Sed
1908 381 2112 415 quanquam
2138 371 2273 403 adesset

1279 419 1384 457 fides,
1419 419 1581 452 nondum
1616 425 1734 452 tamen
1771 427 1919 461 norant,
1955 421 2039 465 quid
2072 420 2272 454 faciendum

1280 477 1378 503 esset.
1433 469 1534 504 Sicut
1553 466 1735 503 Abraham
1758 483 1960 515 quanquam
1986 472 2053 503 fide
2077 471 2190 504 fllium
2215 482 2274 504 ac-

1280 520 1443 564 cepisset,
1488 527 1604 554 tamen
1638 521 1798 554 nondum
1829 529 1948 563 norat,
1983 522 2093 555 filium
2122 521 2275 556 offeren-

1280 572 1366 604 dum
1395 583 1485 612 esse,
1513 583 1628 616 neque
1652 572 1735 604 dum
1759 583 1795 604 se
1817 571 1902 605 fides
1920 573 1956 606 in
1972 573 2184 615 resignando
2200 572 2274 606 filio

1281 622 1500 663 declarabat3
1529 622 1578 655 sic
1594 629 1627 656 et
1643 622 1680 654 in
1694 622 1888 666 Apostolis,
1917 635 2119 668 quanquam
2138 624 2275 657 adesset

1281 673 1384 711 fides,
1420 680 1538 707 tamen
1572 673 1735 717 probatio
1768 674 1849 706 fidei
1882 674 2001 707 aberat
2034 674 2117 707 illis.
2177 673 2274 708 Crux

1282 724 1376 756 enim
1400 731 1468 764 est,
1503 736 1593 769 quae
1615 724 1739 772 probat
1764 724 1887 764 fidem,
1920 723 2027 758 Rom.
2043 723 2104 759 V.:
2139 724 2274 758 Tribu-

1281 775 1366 808 latio
1392 775 1599 818 patientiam
1622 781 1704 814 etc.‚
1727 781 1760 807 et
1785 774 1889 810 Prov.
1905 774 2041 809 XVll.:
2069 774 2168 811 Sicut
2192 776 2274 817 igne

1282 826 1453 869 probatur
1469 838 1612 865 aurum,
1637 825 1685 858 sic
1702 826 1828 869 probat
1845 827 1949 859 corda
1968 826 2144 860 dominus.
2196 825 2275 859 Hoc

1281 882 1332 909 est
1358 881 1474 908 autem
1499 875 1673 918 crucifigi,
1700 882 1739 909 ut
1757 877 1927 920 probetur
1946 877 2048 918 fides,
2078 884 2110 911 et
2126 878 2273 921 probata

1281 927 1348 959 fide
1372 926 1606 960 mortificetur
1628 938 1725 967 caro,
1754 928 2030 974 grandescatque
2052 928 2195 972 spiritus
2212 940 2274 961 co-

1280 977 1440 1020 gnitione
1457 974 1602 1011 Christi.
1655 976 1733 1011 Hoc
1753 985 1802 1011 est
1821 980 1915 1023 quod
1934 981 1981 1011 ad
1996 977 2102 1013 Rom.
2116 978 2162 1014 X.
2180 978 2273 1012 Pau-

1280 1028 1334 1060 lus
1359 1027 1422 1060 ait:
1452 1026 1499 1062 Ut
1525 1029 1698 1073 probetis,
1727 1041 1816 1074 quae
1840 1031 1883 1063 sit
1900 1030 2064 1063 voluntas
2082 1029 2148 1064 Dei
2166 1031 2274 1064 bene-

1281 1078 1418 1122 placita.

1459 1173 1549 1221 Ego
1573 1187 1654 1210 sum
1681 1176 1761 1218 via,
1797 1179 1932 1211 ceritas
1957 1181 1988 1210 el
2013 1175 2101 1212 vita.

1380 1247 1476 1293 Ego,
1503 1263 1706 1296 quanquam
1724 1251 1772 1284 sic
1793 1252 1982 1285 mortifirer
1999 1259 2078 1292 οἱα,
2110 1263 2187 1285 sum
2206 1251 2274 1292 via,

1278 1301 1351 1335 scil.
1382 1302 1464 1345 quia
1497 1313 1578 1345 gero
1608 1303 1805 1343 credentes3
1841 1310 1879 1337 ut
1910 1301 2036 1336 Esaiae
2053 1303 2144 1336 XL.:
2181 1302 2273 1337 Sinu

1278 1363 1341 1385 suo
1371 1352 1502 1386 levabit
1535 1359 1568 1386 et
1598 1354 1706 1386 foetas
1736 1353 1809 1396 ipse
1838 1355 2004 1396 portabit.
2067 1354 2111 1387 Et
2135 1354 2274 1393 veritas,

1278 1402 1359 1447 quia
1376 1402 1448 1434 lux.
1503 1401 1547 1435 Et
1566 1403 1646 1442 vita,
1675 1403 1756 1448 quia
1774 1404 1925 1444 vivifico,
1951 1405 2046 1438 iuxta
2064 1404 2168 1437 illud:
2199 1403 2271 1446 Qui

1278 1453 1389 1486 credit
1412 1453 1448 1485 in
1475 1465 1548 1494 me,
1579 1465 1651 1486 non
1679 1454 1850 1488 morietur
1876 1455 1912 1488 iu
1937 1463 2133 1488 aeteruum.
2194 1453 2272 1488 Hoc

1279 1509 1349 1543 est,
1385 1505 1479 1548 quod
1514 1504 1583 1536 iam
1615 1511 1696 1537 aute
1730 1505 1954 1546 monuimus,
1990 1505 2186 1548 praedicari
2213 1503 2272 1538 hie

1279 1554 1419 1597 proprie
1445 1552 1694 1597 Evangelium.
1756 1554 1843 1588 Nam
1871 1568 1949 1589 cnm
1974 1557 2026 1588 illi
2053 1563 2202 1599 negant,
2237 1566 2273 1588 se

1279 1605 1366 1638 scire
1390 1617 1460 1650 quo
1487 1605 1531 1638 sit
1556 1606 1733 1646 eundum,
1764 1603 1926 1639 Christus
1952 1607 2059 1639 verbo
2079 1607 2186 1641 reficit
2203 1618 2273 1647 eos,

1280 1656 1463 1701 inquiens,
1489 1656 1515 1689 si
1542 1656 1652 1689 velint
1675 1663 1707 1690 et
1733 1657 1881 1700 gloriam
1906 1670 2008 1691 nosse
2023 1665 2058 1692 et
2074 1658 2167 1691 viam
2183 1657 2273 1691 scire

1279 1714 1311 1741 et
1335 1707 1474 1755 ingredi
1499 1707 1612 1748 viam,
1639 1707 1788 1751 gloriam
1809 1708 1873 1741 Dei
1892 1709 2091 1755 requirant,
2120 1721 2192 1743 non
2209 1721 2273 1742 na-

1278 1766 1377 1793 turae
1401 1758 1510 1799 vires,
1537 1759 1652 1792 lucem
1677 1767 1737 1793 aut
1762 1759 1959 1800 iusticiam,
1987 1761 2046 1793 sed
2071 1758 2272 1801 Christum;

1279 1811 1315 1842 in
1349 1807 1445 1843 hunc
1471 1821 1506 1843 se
1537 1810 1746 1847 roniieiant,
1788 1812 1870 1856 qui,
1904 1809 2180 1857 comprehensus
2210 1822 2274 1855 per

1278 1861 1404 1899 fidem,
1433 1861 1509 1901 via,
1534 1861 1661 1895 veritas
1687 1868 1720 1895 et
1745 1863 1814 1895 vita
1839 1870 1906 1899 est,
1936 1870 2015 1897 utut
2040 1863 2194 1906 patiatur
2217 1861 2272 1894 vel

1278 1912 1351 1956 ipse
1375 1912 1430 1945 vel
1455 1912 1514 1957 qui
1542 1913 1691 1946 credunt
1710 1913 1746 1945 in
1764 1925 1855 1948 eum.
1908 1914 2014 1948 Scitis
2032 1915 2119 1954 iam,
2145 1912 2274 1957 inquit,

1277 1963 1363 2007 quid
1390 1963 1588 1996 faciendum
1613 1964 1675 2003 sit,
1702 1971 1740 1998 ut
1762 1964 1902 2008 possitis
1922 1965 2059 2007 ingredi
2079 1962 2270 1997 habitatio-

1277 2025 1357 2046 nem
1379 2026 1440 2058 per
1459 2027 1551 2046 Viam
1571 2026 1703 2048 veram.

1378 2112 1497 2150 Nemo
1525 2115 1618 2149 reni!
1645 2111 1701 2149 ad
1719 2118 1877 2161 palrem,
1913 2113 1991 2148 nisi
2010 2126 2075 2162 per
2097 2126 2163 2152 me.

1378 2191 1560 2226 Sententia
1587 2189 1672 2225 haec
1689 2199 1754 2226 est:
1784 2191 1895 2226 Nemo
1914 2198 2024 2236 potest
2043 2192 2116 2226 suis
2133 2192 2268 2227 viribus

1274 2251 1331 2277 aut
1356 2244 1428 2277 suis
1452 2243 1585 2276 meritis
1609 2244 1794 2290 pervenire
1818 2245 1859 2276 ad
1889 2251 2034 2288 patrem.
2091 2243 2162 2278 Lex
2186 2245 2266 2279 abs-

1275 2302 1379 2329 terret
1419 2294 1672 2334 conscientias,
1716 2307 1758 2328 uc
1797 2295 2005 2339 perveniant
2043 2296 2087 2328 ad
2120 2302 2266 2340 patrem.

1276 2344 1431 2379 Verbum
1456 2342 1609 2386 Christi,
1642 2346 1834 2380 iustificam
1865 2358 1928 2379 nos
1961 2345 2097 2379 iusticia
2121 2343 2267 2387 Christi,

1274 2397 1432 2442 perducit
1457 2397 1499 2429 ad
1524 2403 1671 2441 patrem.
1726 2395 1777 2430 Ex
1793 2410 1833 2429 co
1853 2398 2011 2442 sequitur
2028 2397 2079 2434 id,
2109 2398 2203 2442 qnod
2221 2398 2265 2431 de

1273 2448 1516 2493 cognoscendo
1556 2455 1653 2492 patre
1691 2449 1887 2483 subiectum
1925 2455 1985 2483 cst.
2057 2447 2145 2481 Nam
2180 2448 2264 2494 quin

1274 2513 1377 2533 netum
1399 2501 1441 2532 :ul
1471 2506 1602 2543 patrem
1627 2500 1785 2544 pervenit
1811 2499 1878 2532 nisi
1908 2511 1969 2543 per
1993 2499 2122 2536 tilium.
2158 2499 2206 2533 nic
2230 2505 2264 2533 et

1273 2564 1375 2584 nemo
1401 2551 1579 2592 cognoscit
1604 2557 1738 2593 patrem
1764 2550 1831 2582 uisi
1859 2562 1919 2593 per
1937 2547 2130 2584 Christum.
2184 2548 2263 2583 Pri-

1272 2615 1368 2635 mum
1383 2602 1475 2635 euim
1494 2602 1656 2635 voluntas
1673 2601 1781 2645 patris
1799 2602 1991 2643 ignoratur,
2018 2602 2149 2635 seilicet
2165 2601 2261 2646 quod

1272 2653 1354 2687 velit
1373 2653 1525 2691 salvare,
1553 2653 1620 2685 nisi
1639 2663 1715 2685 eam
1731 2652 1765 2685 iu
1783 2651 1926 2687 Christo
1944 2664 2137 2689 cernamus.
2190 2650 2262 2686 De-
