2409 2915
131 86 205 123 373
669 85 750 123 ΧΠ,

131 171 336 205 stimonium
366 172 558 205 doctrinae.
620 170 716 204 Haec
745 171 838 203 enim
871 177 950 205 sunt
974 171 1114 215 propria

129 233 235 265 opera
270 223 514 256 convenientia
549 220 725 264 Sabbato,
765 222 887 254 concio
921 220 1117 263 Evangelii,

129 273 312 307 meditatio
327 272 532 314 Evangelii,
559 271 716 314 exempla
738 271 814 315 pia,
849 272 989 315 proprie
1014 273 1116 304 adiu-

130 324 248 355 vantia
291 323 549 357 ministerium.·=
608 321 707 355 Alias
749 321 851 355 etiam
889 322 1117 355 concionatur

129 370 294 407 Christus
312 375 355 406 de
372 373 448 405 aliis
466 372 633 416 operibus
657 372 886 416 quibusdam,
920 384 1008 416 quae
1032 384 1115 405 con—

133 423 281 457 veniunt
298 423 473 462 sabbato,
499 429 538 456 ut
554 423 747 455 necessaria
771 422 882 455 officia
905 423 1115 456 dilectionis.

131 473 332 507 Maccabaei
350 473 388 505 iu
402 473 559 506 Sabbato
579 473 792 516 pugnabant,
809 479 841 504 et
857 474 998 516 quidem
1017 485 1116 516 prae-

131 524 177 557 lia
195 524 254 556 illa
278 523 469 567 dupliciter
492 523 647 557 Sabbato
671 523 945 563 conveniebant,
978 531 1009 557 et
1034 523 1115 567 quia

130 581 229 607 erant
246 574 419 607 confessio
443 574 644 612 doctrinae,
679 579 711 606 et
737 574 955 607 conservatio
972 573 1117 607 sabbati

130 632 165 660 et
182 625 286 668 legis,
311 631 346 658 et
358 630 459 658 erant
474 636 578 668 opera
597 623 790 657 necessaria
807 624 1015 659 dilectionis,

520 701 569 725 De
598 699 728 725 tertio.

234 752 430 786 Humilitas
460 759 510 786 est
541 753 647 786 timor
674 751 759 791 Dei,
795 750 860 785 hoc
891 759 958 793 cst,
1000 752 1116 796 agnita

132 811 252 839 nostra
275 803 534 844 imbecillitate,
568 815 649 836 vere
672 809 827 836 metuere
852 803 937 836 iram
962 802 1046 843 Dei,
1073 814 1117 835 ne

130 856 298 898 indignos
319 860 379 886 aut
404 865 528 897 parum
555 853 701 887 idoneos
724 854 883 893 abiiciat,
916 854 975 886 sed
1000 860 1116 886 tamen

131 907 171 938 in
188 904 369 938 vocatione
384 903 460 938 Deo
483 915 625 947 parere,
659 910 692 937 et
716 904 870 936 iudicare
897 905 988 936 dona
1015 903 1118 936 nobis

131 956 212 989 dari
236 956 280 988 ad
301 966 524 988 communem
549 954 753 994 utilitatem,
790 966 852 986 nec
877 961 1020 987 eventus
1042 953 1116 986 sine

131 1005 210 1040 Deo
232 1005 350 1038 felices
373 1016 462 1044 esse,
497 1016 560 1037 nec
586 1012 738 1038 caeteros
762 1004 1004 1046 despiciendos
1033 1015 1117 1043 esse,

132 1069 213 1091 cum
238 1055 370 1100 possint
396 1055 470 1087 fieri
493 1055 635 1088 utiliora
661 1066 789 1097 organa
813 1054 889 1088 Dei.
947 1051 1003 1087 Ad
1027 1052 1118 1085 hanc

132 1108 300 1140 virtutem
317 1107 476 1138 accedere
500 1106 601 1138 debet
624 1106 726 1144 fides,
761 1117 849 1148 quae
875 1105 912 1137 in
935 1105 1118 1137 vocatione

133 1164 247 1202 petat,
290 1162 322 1188 et
346 1162 500 1199 expectet
524 1155 693 1188 auxilium
721 1166 739 1186 a
760 1153 855 1194 Deo,
896 1155 985 1188 sicut
1017 1165 1117 1197 saepe

133 1210 261 1241 docent
288 1204 503 1249 Prophetae,
542 1205 669 1239 Psalm.
694 1204 769 1239 26.:
811 1203 963 1247 Expecta
994 1203 1118 1237 Domi—

133 1269 240 1296 num,
269 1256 418 1289 viriliter
434 1267 514 1297 age,
550 1262 583 1288 et
607 1255 824 1287 confortetur
847 1266 906 1286 cor
932 1262 1051 1294 tuum,
1087 1261 1120 1286 et

133 1314 273 1351 expecta
292 1305 497 1353 Dominum.
552 1304 650 1337 Talis
667 1311 738 1337 erat
763 1305 912 1337 bellator
935 1304 1118 1346 magnani—

132 1369 212 1391 mus
235 1355 371 1393 David,
417 1359 453 1388 et'
471 1361 587 1388 tamen
612 1362 685 1388 erat
710 1352 875 1394 humilis,
911 1355 1120 1397 agnoscebat

132 1407 371 1441 infirmitatem
394 1417 509 1443 suam,
543 1417 608 1438 nec
636 1405 848 1449 despiciebat
873 1412 1045 1445 caeteros,
1080 1410 1119 1436 ut

135 1455 284 1492 Goliath
300 1456 511 1500 despiciebat
529 1456 699 1495 minores,
728 1456 787 1488 sed
806 1454 918 1488 David
943 1454 1118 1488 vocationi

132 1509 296 1554 parebat,
323 1514 355 1540 et
374 1507 574 1550 expectabat
591 1518 608 1539 a
623 1506 698 1539 Deo
715 1506 895 1539 auxilium.

234 1565 387 1599 Econtra
401 1592 409 1605 ,
436 1565 599 1608 snperbia
617 1572 666 1597 est
682 1565 807 1597 fiducia
828 1564 989 1608 propriae
1013 1564 1120 1597 indu-

135 1618 257 1656 striae,
285 1615 440 1657 neglecto
464 1614 556 1652 Deo,
590 1621 648 1647 aut
671 1615 825 1657 neglecta
850 1621 940 1647 meta
965 1615 1120 1647 vocatio-

134 1668 208 1707 nis,
243 1673 281 1700 ut
307 1663 471 1705 Goliath,
505 1662 745 1704 Sennaherib,
777 1665 959 1697 confidunt
986 1665 1120 1697 viribus

136 1719 208 1751 suis
236 1722 412 1750 contemto
443 1715 535 1753 Deo,
578 1714 879 1757 Nabugdonosor,
922 1713 1122 1747 Alexander

135 1766 372 1812 placentsibi,
407 1771 441 1797 et
467 1765 664 1797 existimant
690 1776 749 1797 sua
775 1765 903 1798 virtute.
927 1771 1022 1807 parta
1050 1776 1121 1797 esse

136 1825 230 1852 tanta
261 1815 425 1860 imperia,
461 1827 524 1847 nec
547 1822 739 1858 agnoscunt
764 1827 826 1849 nec
853 1815 975 1847 timent
999 1815 1122 1848 Deum.

136 1869 221 1902 Ideo
238 1867 326 1901 etin
355 1866 420 1898 alia
447 1865 571 1898 delicta
597 1865 708 1898 securi
738 1871 868 1904 ruunt,
904 1872 942 1899 ut
968 1864 1122 1898 Alexan-

136 1921 199 1953 der
215 1918 341 1963 polluit
366 1928 400 1948 se
424 1916 611 1958 multiplici
636 1915 866 1958 turpitudine.
921 1915 992 1947 Alii
1015 1927 1123 1958 appe-

134 1976 214 2004 tunt
237 1967 432 2012 superiores
457 1967 670 1999 vocationes:
712 1978 792 1998 nam
815 1965 977 2010 snperbia
1002 1966 1123 1999 multi-

138 2021 275 2064 pliciter
297 2030 333 2051 se
355 2017 524 2056 declarat,
551 2023 589 2050 nt
616 2015 794 2056 Absalon,
822 2016 978 2056 Cassius,
1008 2015 1122 2049 Anto-

139 2071 230 2103 nius.
290 2068 362 2101 Alii
389 2073 529 2109 peccant
553 2079 623 2099 non
651 2074 876 2109 agnoscentes
899 2068 991 2099 (lona
1020 2078 1124 2110 supe-

139 2121 232 2153 riora
266 2119 302 2151 in
334 2117 428 2156 aliis,
463 2124 500 2150 ut
525 2115 770 2159 Agamemnon
801 2117 861 2161 qni
890 2117 1052 2161 superior
1074 2124 1124 2150 est

140 2172 235 2208 loco,
276 2180 348 2202 non
379 2167 534 2209 agnoscit
556 2165 733 2201 Achillem
757 2168 885 2201 virtute
907 2168 1122 2211 superiorem

139 2232 223 2255 esse.

240 2277 292 2312 De
312 2275 367 2310 bis
391 2276 557 2309 omnibus
580 2276 730 2309 traditur
751 2274 809 2309 hic
831 2277 965 2319 regula:
994 2273 1124 2309 Omnis

140 2331 200 2376 qni
235 2341 270 2363 se
297 2328 441 2365 exaltat,
477 2324 733 2359 humiliabitur.
792 2325 900 2371 ldqne
933 2328 1124 2359 ostendunt

139 2380 261 2424 tragici
295 2389 394 2412 casus
432 2376 809 2420 praestantissimorum
857 2377 1035 2416 virorum,
1086 2383 1125 2410 ut

141 2431 274 2467 Saulis,
315 2425 477 2467 Goliam,
514 2424 752 2469 Sennaherib,
786 2425 965 2470 Pompeii,
1003 2425 1125 2469 Agesi-

142 2482 204 2522 lai,
233 2478 443 2517 Alexandri,
470 2477 632 2511 Antonii.
688 2475 763 2509 Irno
794 2477 828 2509 in
845 2477 998 2511 Ecclesia
1026 2489 1125 2520 prae-

142 2532 242 2576 cipua
267 2531 302 2563 fit
327 2527 549 2568 humiliatio,
583 2527 663 2572 quia
690 2527 859 2560 iudicium
884 2540 900 2560 a
928 2529 1033 2559 domo
1060 2526 1125 2560 D.·i

143 2582 281 2626 incipit,
309 2586 346 2613 ut
363 2579 553 2611 ostendunt
572 2578 723 2624 insignia
740 2579 894 2621 exempla
913 2585 1124 2617 sanctoruni,

145 2631 339 2671 Samsonis,
372 2628 537 2669 Davidis,
578 2627 876 2671 Nabugdonosor,
918 2635 950 2662 et
973 2628 1123 2662 alioruin

804 83 1196 122 ANNOTATIONES
1235 85 1284 120 IN
1317 84 1614 124 EVANGELIA.

2074 93 2150 129 574

1167 171 1227 216 qni
1257 183 1294 203 ex
1319 171 1389 203 alto
1411 171 1547 214 fastigio
1571 172 1702 217 delapsi
1729 180 1826 215 sunt,
1859 181 1897 209 ut
1923 173 2146 220 agnoscerent

1153 234 1262 266 ⁴suam
1291 220 1547 261 infirmitatem,
1574 230 1605 255 et
1631 225 1891 267 conspiceretur
1913 227 2065 270 potentia
2084 227 2152 261 Dei

1166 279 1199 305 ct
1225 270 1465 304 misericordia
1490 271 1577 311 Dei,
1603 279 1641 305 ut
1666 274 1701 305 iu
1725 273 1860 308 Davide
1883 277 2016 310 deiecto
2039 285 2070 311 et
2096 290 2151 310 re·

1165 323 1299 356 stituto,
1354 319 1419 352 llis
1443 322 1607 364 exemplis
1633 330 1808 368 utrunque
1833 326 2025 369 discamus,
2051 328 2150 361 vide-

1165 372 1245 405 licet
1269 372 1430 405 timorem
1454 371 1537 408 Dei,
1573 372 1688 415 agnita
1720 382 1836 407 nostra
1863 376 2082 417 infirmitate,
2116 385 2150 411 et

1166 423 1269 455 fidem
1301 422 1337 455 in
1367 421 1567 459 obedientia
1601 423 1804 459 vocationis.
1864 423 2047 462 Discamus
2068 428 2150 462 item

1167 484 1230 506 nos
1247 473 1428 506 continere
1444 472 1535 505 intra
1550 479 1658 506 metas
1676 474 1880 508 vocationis.

1277 572 1494 612 Dominica
1512 573 1675 612 xvlli.
1695 578 1789 625 post
1807 574 2040 616 Trinitatis.

1429 652 1662 697 Evangelium
1682 652 1810 690 Matth.
1829 656 1889 689 22.

1217 717 1419 754 Pharisaei
1449 724 1567 753 aulem
1594 718 1800 758 audientes,
1842 719 1942 767 qnod
1965 720 2153 756 silentium

1271 769 1499 817 imposuisset
1535 767 1785 808 Sadducaez's,
1840 778 2073 805 convenerunt
2113 773 2152 805 in

1269 833 1393 856 unum.
1454 819 1507 852 Et
1534 819 1772 865 interrogarit
1797 833 1891 854 unus
1917 833 1961 854 ea?
1986 823 2035 855 eis
2061 822 2152 867 legis

1271 869 1412 912 (sodor,
1446 874 1590 904 leniatis
1613 882 1708 911 eum,
1744 875 1773 903 el
1801 868 1913 904 dixit:
1950 869 2153 917 Dlagt'sler,

1268 919 1368 969 qnod
1383 925 1431 954 est
1452 918 1670 953 mandatum
1689 932 1864 965 magnum
1888 921 1926 954 in
1954 920 2056 966 legef’
2090 920 2153 954 Ait

1270 976 1388 1004 aulem
1408 970 1470 1004 illi
1483 970 1508 1004 I
1510 983 1603 1004 esus:
1638 969 1790 1015 Diliges
1812 969 2013 1004 Dominum
2030 970 2153 1004 Deum

1271 1026 1372 1054 {uum
1393 1033 1438 1055 ex
1461 1025 1533 1054 loto
1558 1019 1660 1054 corde
1681 1025 1762 1060 luo,
1795 1025 1825 1053 et
1853 1033 1897 1055 m·
1923 1026 1997 1054 tola
2024 1022 2154 1054 anima

1270 1077 1353 1113 lua,
1383 1076 1413 1104 e!
1432 1083 1477 1105 ex
1494 1076 1569 1104 tota
1586 1076 1699 1104 menta
1717 1075 1793 1106 tua.
1837 1071 1916 1105 Iloc
1933 1076 1981 1104 es!
1995 1072 2156 1117 primum

1272 1127 1301 1155 el
1323 1134 1498 1167 magnum
1525 1119 1756 1156 mandatum.
1809 1120 2012 1154 Secundam
2035 1126 2155 1155 aulem

1271 1171 1390 1205 sinn'le
1409 1169 1508 1205 huic:
1535 1170 1687 1216 Diliges
1707 1172 1917 1216 proximum
1941 1176 2040 1205 tuom
2062 1172 2154 1205 sicul

1273 1222 1435 1268 teipsum.
1489 1220 1536 1254 In
1554 1219 1614 1254 his
1633 1220 1771 1255 duobus
1788 1220 1979 1255 mandalis
1997 1227 2072 1255 tola
2093 1222 2154 1255 lca:

1271 1269 1399 1318 pende!
1417 1277 1446 1304 el
1465 1269 1681 1318 Prophetae.

1222 1316 1468 1366 Congregalt's
1497 1326 1615 1355 aulem
1640 1319 1876 1360 Pharisaei-5,
1918 1321 2157 1367 interrogavit

1273 1384 1330 1405 eos
1364 1371 1469 1405 Iesus
1500 1370 1636 1405 dicens:
1685 1369 1791 1418 Quid
1817 1371 1914 1405 cobis
1948 1370 2086 1405 sidemr
2116 1369 2158 1404 de

1272 1419 1449 1456 Chrislo?
1475 1419 1709 1467 Cuiasfill'as
1727 1421 1804 1455 est?
1829 1420 1970 1454 Dicunt
1989 1422 2036 1454 ei:
2070 1420 2157 1454 Da-

1275 1471 1345 1507 vid.
1414 1472 1476 1505 Ait
1501 1472 1597 1506 illis:
1640 1470 1832 1517 Quomodo
1856 1484 1940 1517 ergo
1960 1470 2094 1504 David
2118 1472 2157 1504 in

1272 1522 1404 1569 spiritu
1424 1528 1522 1556 cocat
1542 1535 1618 1556 eum
1635 1521 1858 1561 Dominum,
1879 1521 2019 1561 dicens,
2042 1520 2158 1555 Dia-it

1272 1572 1461 1606 Dominus
1475 1572 1642 1606 Domino
1658 1585 1749 1613 meo,
1766 1571 1846 1606 sede
1862 1585 1885 1606 α
1904 1571 2044 1606 dea—tris
2060 1572 2159 1612 meis,

1275 1621 1383 1656 donec
1407 1636 1543 1669 ponam
1569 1623 1735 1656 inimicos
1764 1628 1843 1655 laos
1870 1622 2069 1656 scabellum
2097 1633 2158 1668 pe-

1276 1671 1360 1705 dum
1393 1673 1563 1706 luorum?
1614 1672 1660 1705 Si
1680 1684 1763 1717 ergo
1788 1671 1921 1705 David
1948 1677 2046 1706 vocal
2079 1684 2157 1704 eum

1273 1722 1499 1761 kainom,
1540 1720 1718 1770 quomodo
1737 1720 1850 1766 filius
1883 1723 1959 1755 eins
1990 1722 2066 1755 est?
2104 1721 2158 1755 Iit

1276 1786 1376 1806 nemo
1399 1778 1540 1818 palera!
1564 1772 1596 1805 ei
1621 1771 1830 1819 respondere
1853 1772 2014 1811 verbum,
2049 1783 2158 1818 neque

1276 1836 1390 1856 aimus
1405 1823 1485 1871 fail
1511 1823 1705 1869 quisquam
1730 1831 1775 1856 ea:
1797 1821 1868 1856 illa
1893 1821 1949 1856 die
1975 1835 2052 1856 eum
2076 1835 2157 1856 am-

1274 1873 1375 1920 plios
1392 1874 1628 1917 inlerrogare.

1225 1931 1394 1979 Qualiter
1410 1938 1489 1965 sunt
1508 1932 1686 1976 praecipui
1706 1932 1785 1965 loci.

1329 1990 1355 2023 I.
1390 1989 1442 2022 De
1474 1990 1635 2023 doctrina
1666 1989 1768 2033 legis,
1802 1999 1891 2033 quae
1915 1989 1958 2024 sit
1980 1989 2033 2023 lex
2060 2001 2160 2036 prae-

1379 2052 1492 2084 cipua.

1329 2089 1373 2123 11.
1402 2089 1453 2123 De
1470 2090 1640 2133 dignitate
1654 2090 1826 2123 secundae
1845 2091 1992 2125 tabulae.

1329 2140 1392 2175 ΙΙΙ.
1420 2140 1499 2174 Non
1525 2140 1607 2173 satis
1632 2146 1681 2172 est
1704 2140 1740 2173 in
1758 2140 1913 2174 Ecclesia
1936 2140 2087 2184 proponi
2112 2140 2162 2173 le-

1383 2203 1477 2235 gem,
1520 2191 1579 2224 sed
1613 2197 1753 2235 oportet
1786 2198 1899 2225 extare
1925 2190 2161 2234 Evangelium

1379 2243 1421 2275 de
1440 2240 1594 2275 Christo.

1327 2290 1409 2325 1111.
1460 2291 1512 2325 De
1550 2291 1705 2325 Psalmo:

1383 2343 1480 2375 mino
1498 2353 1589 2375 rneo.

1747 2290 1846 2325 Dixit
1881 2289 2057 2325 Dominus
2090 2289 2163 2323 Do-

1567 2425 1618 2449 De
1644 2423 1777 2455 primo.

1279 2478 1379 2512 Sicut
1397 2473 1566 2511 Monachi
1593 2477 1704 2521 pluris
1730 2477 1887 2510 fecerunt
1914 2474 2081 2514 Missam,
2109 2481 2169 2509 aut

1178 2539 1238 2561 sua
1260 2536 1339 2562 vota
1354 2556 1362 2568 ,
1391 2540 1494 2572 quam
1521 2527 1724 2560 universnm
1742 2525 1974 2569 Dewlogum,
2008 2526 2056 2560 ita
2075 2523 2170 2559 Pha-

1176 2579 1283 2612 risaei
1303 2578 1565 2623 amplificabant
1583 2577 1750 2610 sacrificia
1766 2583 1797 2609 et
1815 2576 2030 2609 traditiones.
2064 2575 2169 2609 Hune

1148 2661 1151 2669 ζ
1180 2641 1338 2663 errorem
1361 2625 1589 2673 reprehendit
1609 2624 1770 2660 Christus
1794 2638 1873 2661 cum
1895 2627 2042 2661 antefert
2070 2637 2169 2670 prae-

1468 2675 1548 2712 24*
