2409 2915
108 125 179 161 641
356 124 437 161 ΧΠ.

110 213 301 252 mentium,
327 219 364 246 ut
391 224 455 245 nec
475 222 554 245 suas
581 209 737 242 miserias
760 209 1000 247 considerent,
1029 220 1092 241 nec

112 271 235 308 putent
257 264 324 296 sibi
348 275 434 306 opus
457 273 528 295 esse
548 260 679 293 auxilio
698 259 775 294 Dei.
833 260 984 304 ldeoque
997 259 1092 293 Deus

110 313 301 348 Ecclesiam
325 313 409 347 sinit
431 311 577 346 assiduis
603 310 904 355 persecutionibus
928 317 961 343 et
983 310 1090 344 tristi-

111 366 176 399 bus
201 377 238 398 ac
264 365 368 398 variis
386 361 641 396 calamitatibus
660 362 937 401 commonefieri,
965 369 1000 394 ut
1019 362 1090 404 ipsa

111 415 321 460 experientia
337 412 485 446 convicti
505 413 678 445 discamus
691 412 841 445 clamare
859 419 888 444 et
907 412 1091 455 confugere

112 468 154 500 ad
175 467 305 510 ipsum,
333 470 364 497 et
383 475 608 506 agnoscamus
624 463 692 495 Dei
711 463 939 506 praesentiam
959 463 1090 495 miran-

111 518 240 562 dasque
260 515 485 548 liberationes
505 514 542 546 in
565 512 738 554 Ecclesia,
766 514 894 559 quibus
919 515 960 546 ad
988 514 1091 546 timo-

112 579 184 601 rem
214 565 300 604 Dei,
333 565 377 598 ad
408 565 533 606 fidem,
566 572 599 598 et
632 565 675 598 ad
705 565 953 598 celebrandum
978 562 1091 597 Deum

110 617 317 656 invitemur,
367 616 665 661 quemadmodum
711 617 812 649 docet
857 623 889 650 et
931 612 1093 649 hortatur

108 666 237 700 Psalm.
262 667 338 702 33.:
373 665 540 700 Accedite
568 667 610 700 ad
638 665 772 705 Deum,
809 673 842 699 et
875 678 999 710 magna
1023 667 1092 699 fre-

108 717 251 762 quentia
268 717 458 758 accurrite,
484 724 569 750 tunc
584 718 688 750 facies
703 724 835 750 vestrae
853 730 924 750 non
944 717 1092 750 consun-

106 768 254 806 dentur,
293 768 357 802 iste
387 779 518 812 pauper
547 768 728 807 clamavit,
763 774 795 801 et
824 766 1000 802 Dominus
1032 780 1090 801 ex-

106 818 241 852 audivit
259 830 358 860 eum,
379 826 442 855 etc.

207 875 302 910 Haec
332 885 383 912 est
413 879 610 912 communis
636 878 794 912 doctrina
820 879 862 911 de
883 878 1092 922 precatione,

107 939 211 972 quam
235 940 337 976 saepe
358 929 499 965 auditis.
560 929 628 963 Sed
652 936 723 962 erat
747 930 904 974 quotidie
929 929 965 961 in
989 929 1091 961 invo-

105 978 242 1012 catione
257 979 458 1022 cogitanda,
485 987 518 1014 et
531 981 573 1013 ad
588 992 689 1013 usum
707 980 958 1014 transferenda.
1012 978 1091 1012 Non

106 1029 200 1061 enim
224 1035 347 1063 tractat
370 1031 498 1063 otiosas
524 1031 752 1069 subtilitates,
786 1038 818 1064 et
843 1031 964 1063 inanes
989 1041 1092 1072 argu-

106 1079 189 1120 tias,
216 1081 275 1113 sed
293 1081 450 1115 continet
468 1082 696 1114 necessariam
714 1082 910 1114 doctrinam
929 1092 1091 1114 exercen-

105 1131 185 1163 dam
210 1131 246 1163 in
272 1132 478 1176 quotidiana
501 1132 591 1172 vita,
626 1140 659 1165 et
682 1132 719 1164 in
743 1132 908 1164 omnibus
934 1131 1093 1171 negotiis,

106 1187 145 1214 ut
167 1181 341 1215 discamus
365 1194 485 1216 verum
511 1183 662 1221 cultum,
690 1183 733 1215 ad
757 1194 860 1227 quem
882 1180 1015 1215 conditi
1035 1193 1094 1214 su-

106 1243 202 1272 mus,
229 1231 304 1265 Deo
329 1240 520 1276 praestare,
546 1234 703 1277 adeoque
728 1233 895 1265 salutares
920 1238 953 1264 et
977 1232 1092 1264 effica-

106 1293 162 1315 ces
174 1283 529 1318 commonefactiones
546 1284 729 1327 proponit,
756 1283 846 1315 utin
863 1283 1093 1315 conversione

107 1333 214 1365 vitam
227 1340 258 1365 et
269 1333 546 1367 consolationem
565 1341 740 1366 aeternam
759 1333 924 1366 cordibus
934 1332 1092 1366 afferant.

206 1390 392 1424 Caeterum
424 1403 545 1424 rursus
570 1392 696 1424 adiicio
723 1392 863 1424 brevem
891 1391 1092 1434 explicatio-

105 1452 186 1474 nem
203 1441 304 1474 dicti:
334 1441 536 1475 Peccatores
551 1441 645 1476 Deus
663 1454 733 1474 non
753 1441 904 1475 exaudit.

207 1499 297 1533 Vera
317 1507 366 1534 est
382 1501 553 1534 sententia
571 1502 613 1534 de
632 1501 872 1545 peccatoribus
896 1512 968 1532 non
987 1511 1094 1542 agen-

104 1551 200 1584 tibus
224 1551 494 1595 poenitentiam,
534 1563 594 1585 seu
624 1552 828 1585 nolentibus
858 1551 1017 1584 converti
1049 1552 1090 1583 ad

103 1600 237 1640 Deum,
263 1613 302 1634 ac
318 1613 437 1635 secure
456 1603 760 1646 perseverantibus
779 1602 815 1634 in
840 1602 990 1646 peccatis
1008 1613 1093 1633 con-

103 1660 156 1687 tra
190 1653 459 1691 conscientiam,
494 1660 549 1693 ut,
590 1654 651 1697 qui
686 1654 841 1686 retinent
872 1652 1091 1696 propositum

105 1703 287 1746 pollueudi
307 1715 341 1735 se
358 1703 560 1744 adulteriis,
588 1704 828 1746 persecutione
844 1715 945 1735 verae
962 1702 1094 1735 doctri-

105 1765 188 1793 nae,
216 1753 350 1797 rapinis
370 1760 403 1787 et
419 1754 538 1793 furtis,
567 1761 629 1786 etc.

206 1812 274 1845 Sed
309 1813 352 1845 de
383 1812 461 1844 aliis
493 1813 733 1855 peccatoribus
763 1812 946 1854 agentibus
970 1812 1091 1854 poeni·

103 1863 266 1903 tentiam,
293 1874 352 1896 seu
370 1863 546 1896 conversis
566 1864 606 1896 ad
626 1862 760 1903 Deum,
787 1875 1009 1907 nequaquam
1031 1864 1092 1895 de-

103 1914 163 1947 bet
184 1913 333 1957 intelligi
360 1911 429 1946 hoc
453 1914 597 1949 dictum.
661 1914 753 1947 Nam
786 1914 829 1945 de
856 1913 1033 1945 conversis
1061 1920 1093 1945 et

105 1965 356 2009 quaerentibus
389 1965 633 1997 remissionem
660 1971 899 2009 peccatorum,
934 1963 1094 2007 loquitur

104 2027 171 2047 vox
190 2015 378 2048 iuramenti
398 2015 527 2048 divini:
563 2015 654 2049 Vivo
679 2027 761 2059 ego,
794 2014 879 2047 dicit
904 2014 1093 2054 Dominus,

105 2066 187 2099 nolo
218 2072 366 2098 mortem
399 2067 607 2109 peccatoris,
651 2068 707 2099 sed
736 2073 774 2099 ut
809 2071 1035 2098 convertatur
1060 2072 1093 2098 et

107 2123 209 2149 vival.

208 2173 272 2206 llis
301 2175 502 2207 necessariis
536 2175 933 2208 commonefactionibus
964 2176 1006 2207 de
1039 2175 1094 2206 in-

107 2225 289 2258 vocatione
307 2237 365 2257 seu
387 2225 573 2267 petitione,
602 2237 696 2257 nunc
716 2226 870 2258 contenti
891 2226 1008 2257 simus.
1056 2225 1092 2256 ln

107 2276 264 2321 sequenti
297 2275 467 2309 concione
498 2277 598 2319 plura
633 2277 799 2308 disseram
831 2278 873 2308 de
907 2274 972 2308 boc
1003 2278 1095 2314 loco,

106 2329 186 2372 qnia
218 2324 382 2360 Christus
422 2327 495 2370 ipse
533 2327 680 2358 formam
721 2327 884 2369 precandi
918 2326 1095 2369 proponit,

107 2390 210 2423 quam
227 2379 366 2418 dextre,
395 2377 575 2421 perspicue
599 2389 636 2409 ac
653 2384 745 2410 recte
769 2377 944 2410 discamus
962 2377 1094 2410 intelli-

107 2439 201 2472 gere,
228 2440 294 2473 qua
312 2429 354 2462 de
370 2440 407 2462 re
425 2435 542 2473 postea
563 2428 752 2461 dicendum
770 2428 846 2462 erit.

108 2522 168 2557 Sic
186 2522 301 2569 igilur
314 2527 430 2555 orale:
448 2519 561 2555 Pater
579 2521 780 2568 neslerqui
795 2533 830 2554 es
849 2521 886 2554 in
904 2519 1021 2559 coelis,
1034 2525 1093 2555 etc.

157 2571 281 2607 Lucae
303 2575 358 2609 11.
387 2570 549 2619 Quando
567 2571 742 2614 orabitis,
769 2570 890 2606 dicite:

207 2641 309 2676 Hanc
335 2642 614 2675 admonitionem
649 2641 801 2685 primum
832 2640 914 2673 addi
942 2640 1094 2684 prodest.

110 2691 201 2726 Sunt
241 2693 382 2738 quidam
428 2691 630 2738 hypocritae
673 2693 760 2725 adeo
804 2704 906 2737 supra
943 2698 1095 2724 caeteros

167 2746 343 2780 ΜειΑςτιι.
371 2747 473 2779 Oeta.
528 2745 611 2776 Vor.
637 2745 732 2776 XtV.

490 120 885 161 ANNOTATIONES
912 121 977 158 ET
1005 120 1282 158 CONCIONES
1311 122 1360 157 lN
1386 122 1571 160 EVANG.
1601 122 1879 162 ΜΑΤΤΗΑΕΙ.

2054 130 2128 165 642

1143 207 1289 242 Sanctos
1306 209 1480 251 religiosi,
1508 216 1544 242 nt
1564 210 1681 244 dicant
1700 209 1790 243 nihil
1815 224 1902 255 opus
1919 225 1989 247 esse
2014 217 2130 249 verbis

1143 259 1181 291 in
1215 259 1433 302 precatione,
1483 260 1567 292 satis
1596 272 1668 293 esse
1711 262 1837 305 spiritu
1876 264 2057 307 invocare,
2097 274 2130 301 et

1143 309 1324 349 nesciunt,
1353 309 1437 354 quid
1465 309 1510 343 sit
1535 310 1679 353 spiritus
1697 313 1749 344 vel
1768 325 1868 354 caro,
1896 322 2031 349 tantum
2049 329 2130 351 suae

1143 360 1302 403 ignaviae
1322 366 1537 403 praetextum
1556 368 1748 404 quaerunt,
1775 364 1834 408 qui
1852 377 1930 398 raro
1957 368 2010 400 vel
2036 381 2129 401 nun-

1142 423 1246 456 quam
1262 411 1407 444 recitant
1426 411 1531 443 verba
1551 412 1802 454 precationum.

1244 468 1373 503 Contra
1401 469 1485 502 tales
1519 467 1720 514 hypocritas
1754 475 1902 506 tenenda
1938 484 1987 509 est
2019 478 2129 520 parti-

1142 521 1219 554 cula
1244 520 1280 552 in
1306 526 1417 553 textu:
1455 517 1571 554 dicite.
1634 520 1820 556 Manifeste
1848 524 1944 559 iubet
1968 525 2128 562 Christus

1143 569 1226 604 haec
1242 572 1346 604 verba
1366 571 1522 611 recitari,
1550 573 1642 616 quod
1672 584 1742 605 nou
1769 574 1986 617 intelligatur
2007 590 2129 622 snper-

1143 623 1293 663 stitiose,
1323 623 1380 655 sed
1400 622 1557 655 recitatio
1578 623 1764 656 verborum
1784 626 1881 658 utilis
1899 634 1960 661 est.

1245 681 1403 716 Primum
1438 689 1552 716 autern
1594 683 1749 716 recitatio
1789 687 1994 725 verborum,
2044 700 2131 732 quae.

1142 733 1318 768 Dominus
1345 741 1463 768 noster
1487 733 1582 767 lesus
1607 731 1769 768 Christus
1801 736 1873 779 ipse
1904 738 2006 770 nobis
2030 751 2130 782 prae-

1143 785 1300 828 scripsit,
1336 793 1395 818 aut
1421 797 1509 831 quae
1530 784 1684 827 Spiritus
1707 793 1846 820 sanctus
1867 788 1902 821 in
1926 787 2075 823 Psalmis
2097 797 2130 823 et

1143 837 1227 869 alibi
1251 836 1415 875 tradidit,
1441 849 1480 868 eo
1504 836 1688 877 conducit,
1714 843 1752 869 ut
1778 849 1839 880 per
1864 836 1954 871 lianc
1982 840 2130 873 formam

1143 887 1265 920 divino
1284 887 1430 920 consilio
1454 887 1668 930 propositam
1693 888 1896 922 erudiamur
1920 896 1951 922 et
1977 902 2132 924 commo-

1144 938 1312 970 nefiamus
1333 939 1376 971 de
1400 949 1482 970 vero
1500 949 1594 975 isto,
1624 938 1665 970 de
1691 950 1772 971 vero
1797 940 1911 980 cultu,
1940 941 1982 973 de
2004 941 2131 974 volun-

1144 996 1212 1022 tate
1239 989 1320 1029 Dei,
1360 995 1391 1021 et
1423 988 1719 1032 promissionibus
1752 989 1902 1028 divinis,
1940 998 2048 1036 utque
2072 992 2133 1025 fir-

1146 1040 1249 1072 miori
1271 1039 1469 1072 assensione
1496 1045 1706 1080 statuamus,
1741 1042 1834 1084 quod
1859 1054 1894 1075 se
1917 1040 2013 1075 Deus
2037 1050 2132 1087 pate—

1146 1091 1283 1130 fecerit,
1311 1091 1405 1134 quod
1423 1090 1635 1130 ostenderit,
1664 1093 1842 1134 quomodo
1859 1093 1945 1126 velit
1962 1093 2133 1134 invocari,

1146 1142 1239 1185 quod
1271 1141 1406 1184 placeat
1439 1141 1503 1184 ipsi
1531 1141 1653 1184 petitio
1678 1142 1929 1176 beneficiorum
1955 1151 1988 1177 et
2012 1145 2132 1178 auxilii

1148 1192 1274 1229 dix-ini,
1303 1199 1334 1225 et
1352 1192 1444 1236 quod
1463 1203 1541 1223 vere
1560 1192 1720 1224 exaudiat
1738 1192 1950 1228 invocantes,
1979 1195 2133 1240 velitque

1146 1240 1229 1275 haec
1253 1242 1324 1285 ipsa
1351 1243 1443 1274 bona
1470 1242 1611 1283 largiri,
1648 1254 1736 1286 quae
1764 1245 1974 1278 nominatim
2008 1247 2045 1278 in
2069 1244 2132 1279 hac

1147 1292 1381 1326 eruditissima
1400 1292 1512 1324 forma
1532 1292 1600 1335 peti
1624 1293 1732 1327 iussit.

1247 1349 1341 1383 Haec
1359 1349 1523 1392 cogitatio
1540 1351 1784 1393 patefactionis
1802 1359 1832 1385 et
1858 1355 2132 1396 promissionum

1147 1401 1308 1445 inprimis
1334 1408 1381 1433 est
1405 1401 1597 1433 necessaria
1626 1401 1661 1433 in
1689 1402 1894 1436 recitatione
1920 1405 2052 1438 formae
2079 1408 2133 1439 di·

1148 1452 1279 1484 vinitus
1300 1452 1468 1491 traditae,
1498 1458 1535 1484 ut
1553 1464 1630 1484 cum
1651 1452 1742 1485 filius
1759 1451 1823 1485 Dei
1840 1454 1935 1487 iubet
1955 1463 1985 1489 te
2002 1457 2133 1490 dicere:

1146 1502 1301 1537 Remitte
1319 1503 1422 1534 nobis
1447 1503 1564 1535 debita
1590 1509 1727 1543 nostra,
1755 1505 1883 1547 cogita:
1914 1505 2006 1548 Quia
2033 1520 2134 1551 prae-

1146 1554 1228 1597 cipit
1247 1551 1429 1593 Cbristus,
1456 1560 1493 1586 ut
1511 1560 1670 1597 petamus
1689 1556 2032 1598 reconciliationem,
2060 1572 2133 1592 cer-

1148 1611 1219 1637 tum
1248 1611 1297 1638 est
1324 1604 1504 1636 immotam
1532 1603 1597 1636 Dei
1631 1605 1847 1638 voluntatem
1873 1619 1962 1649 esse,
2004 1616 2041 1642 ut
2065 1617 2134 1643 sta-

1147 1662 1303 1694 tuamus,
1329 1655 1372 1686 ab
1391 1654 1464 1698 ipso
1483 1654 1585 1686 nobis
1604 1655 1749 1696 ignosci.
1793 1655 1864 1689 Nec
1884 1659 1977 1690 enim
1998 1659 2133 1694 iuberet

1148 1712 1263 1749 petere
1282 1705 1535 1741 remissionem,
1562 1705 1628 1737 nisi
1649 1717 1727 1737 vere
1748 1706 1893 1740 daturus
1910 1717 2006 1743 esset.
2038 1710 2133 1752 Item,

1147 1768 1224 1788 cum
1243 1756 1342 1788 docet
1362 1755 1515 1799 precatio
1532 1753 1716 1788 Dominica
1743 1757 1832 1789 serio
1857 1771 1971 1792 orare:
2002 1760 2132 1794 Panem

1149 1814 1307 1838 nostrum
1344 1806 1590 1850 quotidianum
1627 1810 1669 1839 da
1701 1808 1802 1840 nobis
1834 1806 1958 1851 bodie,
1995 1814 2132 1855 cogites,

1147 1857 1226 1900 quia
1238 1854 1400 1890 Christus
1417 1856 1510 1889 iubet
1531 1868 1594 1888 nos
1610 1864 1726 1900 petere
1743 1858 1907 1893 bont-ficia
1925 1865 2134 1907 corporalia,

1149 1905 1240 1940 baud
1265 1907 1372 1939 dubie
1388 1919 1424 1938 ea
1445 1907 1591 1939 donabit
1610 1906 1796 1943 Ecclesiae.

1247 1963 1337 1997 Ecce
1355 1971 1449 1997 tanta
1467 1965 1660 1997 consolatio
1679 1967 1890 2010 proponitur
1915 1969 1949 2001 in
1974 1968 2036 2004 hac
2063 1973 2135 2006 for-

1148 2027 1201 2047 ma
1224 2022 1255 2048 et
1273 2015 1478 2048 recitatione
1496 2023 1586 2047 certa
1613 2017 1820 2057 verborum,
1849 2032 1937 2063 qnae
1961 2020 2134 2058 Dominus

1151 2066 1369 2109 praescripsit
1387 2072 1418 2098 et
1445 2066 1608 2103 tradidit,
1638 2073 1674 2099 ut
1702 2067 1838 2111 liquido
1864 2080 1995 2107 constet
2020 2082 2132 2108 teum-

1151 2117 1260 2149 lentos
1278 2117 1360 2149 istos
1376 2115 1545 2161 Cyclopes
1571 2117 1672 2160 plane
1690 2118 1822 2157 furere,
1851 2128 1880 2153 et
1900 2124 2022 2164 agitari
2042 2127 2132 2158 malo

1149 2167 1293 2211 spiritu,
1327 2167 1385 2208 qui
1413 2170 1651 2206 contendunt,
1686 2167 1776 2202 nibil
1804 2184 1888 2214 opus
1913 2186 1983 2205 esse
2007 2173 2132 2209 borum

1150 2218 1335 2250 verborum
1355 2217 1570 2251 recitatione.

1251 2268 1318 2302 Sed
1351 2268 1403 2300 illi
1430 2269 1585 2301 insaniae.
1606 2278 1804 2314 opponatur
1830 2279 1942 2306 textus
1972 2275 2005 2307 in
2030 2276 2133 2314 Luca,

1148 2319 1207 2363 qui
1225 2319 1436 2352 nominatim
1458 2319 1590 2364 inquit:
1618 2321 1705 2353 (jum
1724 2323 1846 2355 oratis:
1865 2321 1981 2360 dicite.

1249 2378 1432 2419 Secundo,
1479 2391 1635 2422 expressa
1677 2381 1834 2414 recitatio
1871 2386 2057 2419 verborum
2090 2390 2133 2422 sit

1148 2429 1240 2463 inter
1255 2431 1470 2474 precandum
1491 2430 1662 2462 confessio
1680 2434 1850 2475 quaedam
1871 2444 1989 2469 contra
2009 2439 2133 2471 diabo-

1149 2481 1232 2512 lum.
1291 2480 1344 2515 Sit
1376 2481 1478 2513 etiam
1513 2481 1684 2524 professio
1716 2483 1794 2515 fidei
1830 2497 1944 2518 coram
1971 2486 2135 2531 Ecclesia,

1148 2543 1215 2576 qua
1237 2538 1268 2564 te
1286 2531 1438 2573 seiungis
1456 2531 1499 2563 ab
1516 2532 1683 2565 omnibus
1702 2531 1862 2569 Etbnicis
1876 2563 1883 2576 ‚
1916 2545 1948 2570 et
1974 2541 2132 2574 omnium

1148 2589 1319 2616 sectarum
1345 2583 1480 2615 furores
1504 2582 1695 2626 improba&

1249 2640 1307 2674 Sic
1331 2653 1410 2674 cum
1438 2641 1560 2674 dexter
1590 2641 1680 2674 latro
1706 2645 1861 2686 pendens
1885 2646 1920 2679 in
1953 2661 2052 2683 cruce
2079 2664 2135 2684 ox-

1148 2691 1276 2736 pressis
1293 2692 1409 2724 verbis
1427 2699 1519 2725 orat:
1540 2689 1691 2725 Domine
1708 2703 1882 2730 memento
1901 2700 1978 2742 mei,
1995 2705 2136 2746 quando

1457 2742 1504 2777 41
