2409 2915
294 101 389 139 1015

670 178 909 218 Historia-'¹

396 253 514 287 Prima
548 250 685 293 negatio
707 250 796 282 facta
820 254 870 281 est
895 247 932 279 in
955 242 1132 278 vestibulo
1155 243 1281 277 domus

295 302 472 350 Caiphae,
499 303 562 338 ubi
586 302 741 335 fecerant
766 299 903 342 ignem,
935 302 975 330 ut
997 307 1032 330 se
1054 294 1283 329 calefacerent

297 362 416 389 noctu.

400 411 468 446 Hic
485 410 608 445 Petrus
631 409 773 444 territus
797 419 881 440 voce
898 406 1064 446 ancillae,
1091 402 1231 447 negavit
1248 412 1284 435 se

297 475 399 498 nosse
415 461 614 500 Christum,
642 460 704 505 Sd)
727 460 821 495 fenne
847 457 882 501 in
897 458 999 501 nicht,
1027 458 1091 491 vni)
1107 455 1188 490 mei&
1203 451 1285 497 nicht

298 518 371 550 Υυαῧ
396 516 438 550 bu
461 512 576 558 fugest'
604 510 688 545 haec
713 517 764 544 est
789 509 902 553 prima
926 507 1084 551 negatio,
1111 513 1143 539 et
1167 504 1285 538 statim

299 572 380 611 post
403 563 491 598 hanc
515 564 663 608 primam
690 560 914 604 negationem
936 558 1042 592 exivit
1063 557 1187 591 Petrus
1210 555 1286 588 for-

300 616 400 650 tassis
425 621 519 648 metu
543 619 795 647 consternatus.
847 609 894 644 Et
912 616 1097 654 postquam
1114 605 1288 646 exivisset,

300 666 436 701 audivit
453 665 583 708 gallum
603 663 718 707 primo
737 667 932 696 canentem.

402 724 483 760 Qut>
509 722 545 765 ist
567 721 683 766 folches
708 719 871 766 gefebeben
888 716 1098 764 ongefebttid)
1116 717 1149 752 in
1165 716 1288 751 mittet:

303 775 413 820 nocht,
443 777 482 809 bct
502 775 550 809 bie
567 773 647 820 ῷαιι
663 772 785 816 pflegen
802 782 841 816 gu
858 770 1010 816 sebteien,
1039 771 1119 804 benn
1138 777 1214 803 man
1230 767 1289 812 bat

303 830 361 863 ben
380 825 565 872 ᾥᾶῧίθῖῡῖ
590 825 638 860 bie
662 825 765 869 gonlge
790 822 880 866 nadyt
902 821 969 864 also
993 819 1197 864 vmbgeffitt,
1225 827 1290 853 mm

303 878 429 925 Spantm
455 887 492 921 gu
519 876 665 919 Gnipho,
698 873 779 909 Qut>
808 873 865 917 bat
893 882 969 906 man
1001 871 1058 913 bct>
1088 870 1217 914 OEuipba
1242 869 1291 904 bie

304 928 426 974 gtoss'en
451 928 607 968 §pretaten
634 924 815 971 gusammen
841 921 1021 968 geffutbett'
1058 922 1121 956 »nb
1148 921 1225 966 [ang
1249 921 1291 956 ba

305 980 380 1024 rati)
397 979 564 1024 gebatten.
593 981 648 1012 etc.

622 1075 788 1101 secunda
816 1073 974 1105 negatio.

406 1138 601 1183 Aliquanto
626 1143 703 1182 post
728 1136 834 1169 rediit
856 1133 982 1168 Petrus
1005 1133 1049 1166 ad
1073 1133 1210 1176 ignem,
1243 1129 1295 1164 ibi

306 1201 426 1224 rursus
456 1189 615 1232 negavit,
650 1199 730 1221 cum
759 1193 793 1220 et
816 1186 883 1218 alia
907 1184 1033 1217 ancilla
1059 1184 1191 1217 diceret
1213 1192 1294 1216 eum

305 1241 412 1274 fuisse
437 1252 514 1274 cum
533 1240 631 1277 Iesu,
659 1245 692 1271 et
716 1248 809 1271 unus
833 1248 872 1269 ex
888 1233 1032 1268 cohorte
1048 1234 1292 1267 ministrorum

306 1292 410 1326 etiam
435 1302 515 1324 eum
540 1289 783 1333 compellaret,
809 1294 842 1321 et
866 1287 1013 1320 diceret:
1043 1283 1087 1318 Et
1113 1292 1150 1318 tu
1167 1296 1206 1317 ex
1224 1283 1296 1316 illis

306 1355 353 1376 es.
408 1340 476 1374 Hic
503 1340 627 1374 Petrus
651 1351 724 1373 non
748 1339 862 1371 solum
888 1336 1046 1380 negavit,
1072 1335 1131 1368 sed
1157 1333 1296 1368 addidit

306 1392 565 1426 iusiurandum.

408 1450 504 1483 Ilaec
523 1456 573 1482 est
589 1448 739 1481 secunda
759 1446 918 1489 negatio,
944 1445 1032 1479 sacta
1051 1450 1129 1488 post
1144 1442 1295 1476 mediam

307 1509 444 1536 noctem
461 1501 550 1534 circa
569 1497 691 1532 horam
707 1497 907 1531 secundam.

410 1559 547 1594 lnterea
573 1569 720 1600 magnae
743 1555 986 1589 contentiones
1008 1554 1153 1587 suerunt
1171 1551 1297 1585 Ponti-

308 1613 410 1645 ficum
444 1616 476 1643 et
501 1608 742 1642 praelatorum
771 1617 850 1639 cum
877 1603 1040 1651 Christo,
1072 1601 1185 1637 auditi
1215 1608 1296 1636 sunt

308 1669 428 1695 contra
458 1672 536 1693 eum
563 1658 639 1691 salsi
666 1665 785 1697 testes,
820 1657 1055 1697 interrogatus
1079 1661 1147 1692 est,
1182 1664 1226 1686 an
1252 1652 1298 1686 sit

307 1712 455 1746 Messias
466 1738 474 1752 ,
503 1710 594 1743 filius
609 1708 694 1749 Dei,
720 1717 902 1752 percussus
918 1713 969 1740 est
985 1718 1003 1739 a
1020 1703 1190 1738 ministris
1201 1702 1297 1737 Pon-

306 1764 451 1797 tificum.

411 1820 461 1854 lta
485 1832 547 1864 per
569 1819 703 1862 aliquot
725 1814 830 1850 horas
853 1829 870 1850 a
887 1815 1002 1849 media
1019 1821 1120 1849 nocte
1138 1813 1204 1849 fuit
1222 1812 1299 1848 Do-

307 1873 425 1906 minus
442 1872 478 1904 in
495 1872 601 1903 domo
618 1866 784 1912 Caiphae.

413 1930 538 1965 Secuta
568 1935 615 1962 est
645 1928 751 1969 igitur
775 1937 876 1958 mane
901 1924 992 1957 circa
1016 1929 1177 1968 quartam
1204 1922 1297 1957 iuxta

310 1989 470 2016 nostrum
487 1977 731 2021 horologium,
759 1977 860 2010 tertia
880 1974 1028 2019 negatio.

651 2077 772 2101 Tertia
802 2075 958 2105 negatio.

413 2140 536 2174 Tertio
569 2145 741 2171 venerunt
769 2137 902 2182 aliquot
932 2136 1082 2169 ministri
1107 2134 1299 2177 pontificis,

311 2201 343 2228 et
373 2193 513 2231 dicunt,
546 2203 624 2223 eum
658 2189 762 2221 [uisse
793 2200 871 2221 cum
903 2186 994 2227 lesu,
1030 2194 1062 2221 et
1086 2187 1297 2220 nominatim

311 2250 478 2286 cognatus
505 2241 596 2279 eius,
631 2239 728 2272 cuius
755 2238 906 2282 praecisa
929 2244 1000 2270 erat
1026 2237 1202 2276 auricula,
1236 2239 1299 2270 ad-

312 2296 436 2330 firmat,
462 2305 495 2325 se
514 2292 640 2324 vidisse
655 2302 734 2323 eum
755 2290 790 2321 in
810 2287 923 2324 horto.
978 2287 1044 2322 llic
1063 2289 1173 2322 multo
1189 2288 1299 2333 magis

312 2352 414 2389 negat
432 2343 553 2376 Petrus
566 2369 574 2383 ‚
602 2343 710 2381 iurat,
738 2347 771 2374 et
789 2340 941 2384 seipsum
960 2346 1165 2373 exsecratur.

415 2403 482 2436 Seu
518 2402 646 2433 interea
675 2401 758 2433 «lum
786 2399 962 2444 loquitur,
992 2399 1084 2432 canit
1109 2399 1219 2439 gallus
1244 2409 1297 2432 se—

881 87 1008 128 PHlL.
1033 84 1151 127 MEL.
1179 81 1390 124 SCRIPTA
1417 79 1720 120 EXEGETICA.

2212 82 2317 121 1016

1431 168 1528 206 Haec
1550 177 1601 206 est
1623 168 1772 206 historia
1795 171 1839 206 de
1863 171 2050 215 negatione
2072 170 2190 213 Petri,
2215 172 2321 206 valde

1331 219 1501 266 insignis,
1534 229 1569 257 et
1598 221 1788 266 diligenter
1819 223 1864 256 ab
1895 222 2062 257 omnibus
2085 221 2322 267 Evangelistis

1332 272 1496 315 recitata,
1534 284 1639 318 quam
1671 284 1773 318 saepe
1801 273 1954 317 cogitare
1985 274 2153 308 debemus
2179 279 2324 318 propter

1334 321 1398 357 has
1421 323 1509 357 duas
1532 334 1674 365 causas,
1699 330 1739 357 ut
1765 335 1831 358 nos
1857 325 1952 368 ipsos
1973 325 2016 357 de
2034 331 2153 358 nostra
2171 323 2325 359 infirmi-

1335 380 1405 409 tate
1420 374 1623 408 admoneat.

1335 436 1436 466 mus,
1469 424 1529 458 sed
1554 430 1594 458 ut
1618 423 1788 466 sciamus,
1821 425 2040 460 voluntatem
2063 425 2134 459 Dei
2159 436 2251 468 esse,
2285 432 2326 459 ut

1337 475 1540 514 redeamus,
1571 475 1631 508 sed
1654 481 1694 509 ut
1716 475 1883 517 sciamus,
1912 476 2131 511 voluntatem
2153 474 2220 510 Dei
2242 486 2328 517 esse,

1338 532 1378 560 ut
1399 526 1585 559 redeamus
1608 536 1670 569 per
1691 526 1945 569 poenitentiam
1962 534 1995 561 et
2011 528 2116 560 fidem
2133 527 2176 560 ad
2195 526 2327 567 Deum,

1339 583 1372 611 et
1407 588 1481 609 non
1517 587 1662 610 ruamus
1684 576 1739 616 {in
1769 576 2047 622 desperationem
2078 584 2112 612 et
2143 583 2329 612 aeternum

1339 627 1462 662 odium
1479 625 1565 668 Dei,
1591 626 1682 660 sicut
1700 625 1817 664 ludas.

1441 683 1489 720 Et
1503 685 1692 729 diligenter
1709 682 1772 719 has
1790 697 1909 720 causas
1924 685 2202 720 consideremus:

1442 735 1547 770 Prior
1563 742 1632 777 est,
1659 736 1702 769 de
1718 736 1932 771 infirmitate.
1985 735 2096 770 Nemo
2115 737 2159 770 si:
2176 747 2332 778 securus,

1340 799 1445 822 nemo
1461 786 1614 821 confidat
1630 787 1773 831 propria
1792 788 1962 832 sapientia
1980 793 2013 821 et
2031 787 2244 829 constantia,
2271 788 2332 821 sed

1342 849 1480 883 semper
1502 837 1712 881 cogitemus,
1740 850 1806 872 nos
1829 850 1901 872 esse
1922 838 2099 878 infirmos,
2125 845 2158 872 et
2172 844 2332 882 petamus

1342 900 1362 923 a
1388 887 1464 923 Deo
1493 888 1686 930 auxilium,
1718 889 1808 923 sicut
1834 888 1928 923 canit
1955 887 2127 922 Ecclesia:
2159 888 2246 922 Sine
2269 895 2332 923 tuo

1344 939 1492 973 numine
1516 936 1609 972 nihil
1641 946 1692 973 est
1724 939 1762 972 in
1795 938 1952 973 homine.
2018 938 2119 973 Item:
2159 938 2245 973 Sine
2276 949 2333 973 me

1343 988 1437 1025 nihil
1451 989 1596 1035 potestis
1608 989 1731 1025 facere.
1786 989 1890 1024 ltem:
1920 989 2031 1024 Petite
2046 996 2078 1024 et
2094 989 2283 1033 accipietis.

1676 372 1725 408 Et
1740 374 1886 416 deinde,
1911 381 1952 409 ut
1969 375 2056 420 lapsi
2072 386 2145 408 non
2163 375 2326 418 despere-
2380 391 2382 394 v

1447 1050 1499 1081 Ac
1518 1047 1628 1081 vidite
1653 1048 1860 1082 excellentes
1883 1047 2050 1089 Sanctos‚
2083 1058 2188 1093 quam
2214 1045 2334 1082 horri—
2372 1043 2387 1057 ²

1344 1099 1467 1134 biliter
1486 1098 1575 1143 lapsi
1596 1098 1679 1134 sint.
1731 1099 1854 1132 Aaron
1872 1099 2044 1139 adsensit,
2070 1105 2109 1133 ut
2126 1099 2223 1132 fieret
2240 1098 2335 1132 vitu-

1345 1150 1411 1184 lus.
1462 1148 1579 1183 David
1602 1148 1719 1193 rapuit
1743 1150 1888 1183 alterius
1908 1149 2112 1193 coniugem,
2138 1156 2172 1182 et
2189 1149 2336 1190 curavit,

1346 1208 1386 1235 ut
1409 1200 1465 1234 vir
1489 1200 1754 1234 interficeretur.
1810 1200 1992 1234 Manasses
2011 1200 2077 1233 suit
2094 1199 2336 1243 multipliciter

1346 1252 1523 1296 pollutus,
1558 1250 1737 1284 idolorum
1769 1251 1865 1285 cultu
1894 1258 1927 1285 et
1952 1248 2173 1292 homicidiis,
2206 1250 2336 1284 immo-

1347 1302 1479 1336 laverat
1499 1300 1590 1335 filios
1608 1312 1701 1336 suos.

1449 1358 1572 1393 Petrus
1590 1365 1643 1393 ter
1659 1359 1810 1402 negavit.
1862 1357 1910 1391 Hi
1928 1359 2046 1403 lapsus
2062 1365 2143 1392 sunt
2159 1358 2337 1393 manifesti

1348 1416 1382 1444 et
1411 1409 1541 1453 magni.
1607 1408 1788 1443 Habemus
1814 1415 1930 1442 autem
1958 1416 1991 1443 et
2013 1409 2143 1452 singuli
2168 1410 2278 1444 multa
2302 1416 2338 1444 et

1348 1472 1472 1504 magna
1491 1467 1639 1503 peccata.
1693 1458 1775 1493 ldeo
1791 1471 1863 1492 nou
1880 1459 1988 1493 simus
2004 1460 2145 1504 superbi
2163 1467 2196 1494 et
2211 1459 2337 1502 securi,

1349 1512 1406 1544 sed
1431 1522 1573 1554 agamus
1591 1510 1862 1554 poenitentiam,
1888 1510 1977 1543 sicut
1994 1510 2118 1544 clamat
2137 1510 2335 1545 Dominus:

1349 1561 1454 1604 Agite
1475 1561 1746 1605 poenitentiam,
1773 1560 1818 1593 sit
1836 1560 1873 1593 in
1891 1560 1995 1594 nobis
2012 1572 2115 1595 verus
2131 1561 2237 1595 dolor
2252 1573 2338 1606 pro·

1348 1618 1426 1656 pter
1449 1618 1605 1645 nostram
1631 1611 1895 1645 immunditiam
1914 1617 1948 1645 et
1967 1618 2112 1656 propter
2128 1612 2237 1646 multa
2255 1624 2338 1657 pec-

1348 1669 1421 1696 cata
1445 1669 1582 1702 nostra,
1608 1662 1698 1696 sicut
1720 1663 1847 1697 clamat
1861 1659 2054 1707 Propheta:
2083 1662 2242 1698 Scindlte
2259 1675 2338 1698 cor-

1349 1714 1392 1747 da
1411 1719 1544 1751 vestra,
1566 1719 1630 1748 etc.

1453 1770 1505 1805 Ac
1521 1782 1622 1815 saepe
1636 1771 1778 1812 auditis,
1801 1777 1916 1815 partes
1930 1770 2168 1816 poenitentiae
2181 1773 2236 1807 vel
2251 1785 2338 1807 con-

1351 1821 1522 1856 versionis
1545 1829 1614 1856 tres
1637 1833 1726 1864 esse,
1758 1822 2027 1863 contritionem,
2060 1823 2184 1863 fidem,
2217 1831 2249 1859 et
2272 1837 2338 1859 no-

1349 1885 1427 1907 vam
1447 1873 1698 1908 obedientiam.

1452 1933 1573 1965 Aaron
1590 1929 1713 1966 habuit
1729 1930 1978 1965 contritionem
1995 1943 2168 1977 magnam,
2192 1935 2280 1969 sicut
2294 1935 2337 1969 de

1350 1995 1390 2016 eo
1409 1983 1579 2030 scriptum
1597 1989 1666 2024 est,
1692 1981 1867 2016 Dominus
1884 1983 1995 2017 voluit
2014 1995 2092 2016 eum
2109 1991 2300 2024 conterere.

1452 2041 1567 2075 David
1593 2042 1697 2075 etiam
1723 2041 1790 2075 suit
1815 2042 1850 2074 in
1876 2054 2003 2085 magno
2023 2043 2162 2084 dolore,
2193 2046 2337 2090 quando
2388 2066 2391 2076 .

1349 2092 1549 2136 obiurgavit
1566 2105 1644 2126 eum
1657 2090 1810 2133 Nathan,
1833 2099 1864 2126 ct
1878 2104 1978 2137 saepe
1996 2101 2125 2138 postea,
2145 2102 2175 2129 et
2194 2098 2337 2142 quando

1350 2144 1472 2188 pulsus
1488 2151 1537 2177 est
1555 2143 1590 2176 in
1608 2143 1764 2179 exilium.

1454 2193 1635 2228 Manasses
1665 2195 1837 2228 abductus
1865 2200 1916 2228 est
1947 2195 2122 2239 captivus,
2152 2196 2200 2231 ibi
2231 2197 2336 2233 etiam

1349 2245 1462 2290 coepit
1483 2256 1669 2288 agnoscere
1686 2257 1746 2279 sua
1765 2252 1922 2289 peccata.
1950 2253 1982 2280 et
2001 2246 2130 2283 dolere.

1453 2295 1576 2330 Petrus
1592 2296 1695 2329 etiam
1712 2294 1767 2329 hie
1786 2297 1844 2330 net
1860 2308 1986 2332 amare.
2027 2296 2120 2332 llaec
2137 2299 2336 2335 amaritudo

1350 2347 1522 2391 significat
1540 2347 1718 2390 ingentem
1735 2347 1894 2381 dolorem
1912 2347 2040 2380 cordis.

1453 2395 1500 2433 Et
1531 2399 1712 2443 quomodo
1742 2398 1778 2432 fit
1808 2395 1891 2431 haec
1921 2398 2110 2432 contritio?
2162 2397 2337 2434 Dominus
2378 2414 2387 2421 ·

313 2456 440 2489 cundo.
497 2450 537 2485 Et
559 2451 731 2484 Dominus
755 2462 873 2483 versus
896 2451 937 2483 ad
957 2462 1058 2490 eum,
1086 2449 1232 2482 intuitus
1248 2456 1297 2483 est
1321 2469 1325 2508 Ι
1349 2449 1472 2494 aspicit
1504 2461 1602 2489 eum,
1637 2457 1669 2483 et
1702 2447 1766 2482 hoc
1790 2455 1929 2492 aspectu
1956 2449 2221 2484 commonefacit
2246 2462 2338 2491 enm,

313 2519 404 2539 eum.
456 2502 522 2536 llic
545 2502 667 2535 l‘etrus
693 2503 893 2534 recordatus
917 2508 965 2534 est
986 2501 1109 2538 verba,
1138 2513 1224 2545 quae
1243 2500 1296 2533 di-

315 2607 466 2647 negabis.
522 2602 562 2637 Et
590 2615 744 2644 egressus
768 2610 798 2637 et
824 2603 1028 2636 incumbens
1054 2603 1088 2635 in
1111 2614 1184 2635 eam
1202 2602 1296 2646 cogi-

314 2658 500 2692 tationem,
531 2655 624 2688 flevit
643 2666 770 2688 amare.

1322 2512 1324 2521 ‘
1349 2508 1387 2534 ut
1410 2513 1449 2533 co
1476 2500 1555 2540 itet,
1607 2500 1667 2533 nid
1691 2512 1708 2533 e
1733 2499 1809 2534 erit.

312 2557 361 2589 xit
381 2555 488 2588 lesus:
519 2553 728 2597 Priusquam
752 2553 863 2595 gallus
889 2552 941 2584 bis
967 2551 1140 2590 cantabit,
1165 2558 1216 2583 ter
1243 2563 1297 2584 me
1321 2540 1324 2560 γ
1453 2512 1472 2544 g
1582 2513 1603 2545 q
1710 2511 1731 2542 g

1863 2497 1906 2532 Et
1933 2499 2074 2533 Marcus
2098 2512 2256 2545 expresse
2280 2502 2335 2534 ‹li-

1348 2550 1412 2585 cit:
1439 2549 1647 2595 ἐπιβαλών,
1678 2551 1812 2584 intente
1830 2550 2004 2593 cogitans,
2033 2550 2138 2585 flevit.

1451 2601 1530 2636 Non
1559 2602 1603 2636 sit
1630 2601 1708 2636 talis
1733 2601 1879 2634 durities
1904 2601 1939 2634 in
1965 2602 2085 2641 nobis,
2118 2608 2156 2635 nt
2181 2601 2335 2636 nolimus

1348 2652 1502 2697 cogitare
1521 2653 1564 2686 de
1581 2652 1728 2698 peccatis
1746 2653 1894 2694 nostris,
1923 2658 1956 2687 et
1973 2653 2016 2686 de
2034 2653 2084 2686 ira
2103 2651 2182 2687 Dei.
