2409 2915
97 91 193 127 1155
382 89 464 126 XII.

93 176 309 222 comparatio
333 176 453 216 docet,
488 176 531 209 de
555 174 684 220 quibus
706 174 890 219 loquatur,
924 187 1002 208 cum
1027 175 1081 208 in-

92 228 185 274 quit:
215 226 353 262 Omnes
378 232 553 272 quotquot
577 231 768 264 venerunt,
796 226 839 258 de
863 223 917 258 his
940 226 1082 267 scilicet,

90 279 154 323 qui
173 290 246 312 non
263 283 345 311 sunt
360 277 506 320 ingressi
525 287 586 320 per
602 276 745 316 ostium,
772 276 815 309 de
832 277 960 321 quibus
976 288 1080 321 supra

90 329 192 363 dicit:
220 328 290 371 Qui
310 329 455 361 aliunde
470 327 639 366 ascendit,
663 328 720 360 fur
736 333 769 361 et
786 327 876 361 latro
897 334 956 362 est.
991 327 1080 360 Por-

90 392 151 418 ro,
178 391 251 413 non
277 379 413 422 ingredi
434 390 495 422 per
512 375 579 411 hoc
594 378 742 416 ostium,
771 385 821 411 est
837 378 961 411 afferre
981 378 1077 411 aliud

90 430 257 470 verbum,
291 429 373 475 quia
404 429 533 462 ostium
567 435 633 468 est,
668 440 738 473 quo
769 429 944 462 revelatur
968 435 1077 472 pater,

91 481 201 515 verbo
235 487 352 514 autem
383 480 578 518 revelatur,
611 491 720 524 quare
751 491 824 512 non
853 479 991 522 ingredi
1016 491 1078 523 per

90 529 158 565 hoe
174 532 301 565 ostium
314 555 323 569 ‚
350 537 401 564 est
418 531 515 564 aliud
534 531 680 564 verbum
697 530 835 565 afferre.
890 529 975 563 Item
995 531 1076 575 quia

89 594 125 616 se
146 595 224 616 cum
250 582 449 626 pastoribus
473 582 628 621 confert,
655 581 698 614 de
722 581 764 613 iis
791 581 968 625 quuitur,
997 593 1076 614 cum

88 633 156 667 ait:
185 630 323 666 Omnes
339 633 399 678 qui
417 639 586 666 venerant
604 639 686 672 etc.,
713 631 774 676 qui
792 643 827 664 se
847 643 908 675 pro
927 631 1075 675 pastori·
1100 668 1101 672 Ἰ

87 684 154 717 bus
176 681 300 717 haberi
326 684 537 724 voluerunt,
568 681 606 716 hi
629 683 723 715 sures
746 689 778 716 et
804 683 957 716 latrones
982 690 1074 716 sunt.

85 733 304 779 Dupliciter,
331 734 485 778 primum
509 734 591 779 quia
614 733 810 767 sentiebant
828 744 925 766 suam
943 733 1074 766 doctri-

86 797 168 819 nam
186 785 268 819 satis
288 796 359 818 esse
376 785 419 817 ad
436 785 583 818 salutem
595 809 603 822 ‚
629 796 704 816 eam
724 795 796 816 esse
812 795 901 828 quae
917 783 1074 827 pascerit,
1098 798 1099 834 ζ

85 848 165 870 cum
189 843 305 869 tamen
325 847 398 868 non
416 835 458 869 sit
478 835 677 868 intellectus
693 835 790 867 verbi
809 835 876 867 nisi
895 835 1073 878 aperiente

84 884 226 921 Christo
244 893 279 920 et
295 887 389 919 velut
407 886 609 919 recludente
621 885 768 926 ostium3
797 886 963 925 secundo,
990 885 1071 930 quia

83 949 194 971 novas
216 938 319 971 etiam
347 937 553 970 traditiones
576 936 951 976 comminiscebantur,
986 947 1072 979 quas
1096 930 1098 963 Ϊ

1000 985 1073 1019 Cu-

83 989 256 1032 putabant
277 989 320 1021 ad
345 988 536 1031 parandam
561 987 708 1020 salutem
733 988 940 1020 conducere.

83 1039 237 1072 iusmodi
268 1045 301 1073 et
332 1040 426 1082 apud
456 1050 520 1071 nos
549 1039 694 1071 suerunt
718 1038 888 1077 latrones,
921 1037 982 1081 qui
1005 1034 1097 1082 hocJ

83 1101 183 1133 opuS,
209 1088 304 1123 hunc
321 1090 438 1123 cibum
456 1089 559 1123 illum
575 1090 736 1123 ordinem
755 1089 961 1129 docuerunt,
987 1100 1071 1121 con-

81 1141 208 1174 ducere
226 1141 270 1174 ad
288 1141 447 1176 salutem.

387 1238 431 1274 F
427 1252 508 1275 ures
533 1245 563 1274 ct
588 1238 763 1276 latrones.

183 1308 276 1352 Quia
308 1308 463 1353 primum
493 1307 559 1342 hoc
585 1309 656 1351 agit
683 1307 790 1351 impia
814 1307 995 1347 doctrina,
1030 1313 1069 1341 ut

79 1360 250 1403 decipiat,
277 1360 313 1394 2.
328 1358 408 1393 Cor.
425 1358 503 1392 XL:
531 1358 631 1392 Sicut
646 1370 788 1401 serpens
803 1356 914 1390 Evam
932 1358 1067 1390 seduxit
1092 1369 1095 1418 a

78 1410 205 1444 astutia
224 1417 308 1448 etc.,
345 1410 426 1454 quia
447 1409 563 1442 omnis
579 1409 739 1442 doctrina
758 1409 934 1452 praedicat
950 1420 1066 1452 opera,

78 1461 197 1494 laudat
229 1461 320 1493 vires
349 1458 538 1501 humanas,
572 1459 747 1504 promittit
777 1459 924 1493 salutem
952 1460 988 1491 in
1014 1459 1066 1499 iis,

78 1511 115 1544 in
137 1511 267 1556 quibus
292 1523 364 1543 non
389 1511 565 1543 invenias:
595 1511 770 1543 confortat
793 1522 918 1543 manus
938 1510 1065 1554 impio-

78 1574 178 1601 rum,
213 1562 398 1595 contristat
420 1573 479 1594 cor
505 1561 606 1600 iusti,
638 1557 764 1594 Ezecb.
786 1559 886 1594 XIII.
921 1579 969 1584 -—

77 1625 150 1646 non
168 1613 376 1650 audierunt,
405 1611 477 1644 scil.
498 1612 579 1656 quia
599 1623 701 1643 uerno
720 1610 810 1654 rapit
830 1622 884 1643 eas
901 1612 942 1643 de
959 1623 1066 1644 manu

77 1663 226 1707 pastoris
246 1660 391 1697 Christi.
444 1661 518 1695 Fur
543 1674 615 1694 non
641 1662 734 1694 venit
763 1661 828 1694 nisi
855 1669 893 1695 ut
919 1662 1066 1700 furetur,

77 1715 114 1748 id
133 1721 200 1749 est:
229 1721 267 1748 ut
284 1714 455 1757 decipiet,
482 1713 618 1757 decepti
638 1719 797 1756 pereunt.

261 1814 348 1862 Ego
373 1816 469 1855 veni,
507 1820 544 1849 ul
568 1815 677 1848 eitam
702 1812 876 1856 habeant,

76 1886 110 1919 id
130 1892 198 1926 est,
226 1885 483 1918 benedicantur
499 1883 597 1916 omni
617 1882 863 1916 benedictione
879 1882 1066 1925 spirituali,
1090 1909 1091 1912 ,

420 1934 600 1968 Hactenus
625 1934 738 1977 prima
764 1945 842 1977 pars
867 1933 1064 1966 collationis

77 1988 256 2032 proposita
287 1993 348 2021 est.
410 1985 552 2023 Primo,
589 1991 706 2027 pastor
731 1985 845 2017 bonus
868 1984 1065 2027 ingreditur

75 2049 139 2082 per
165 2038 307 2071 ostium.
365 2037 529 2081 Aptatio:
566 2034 643 2078 Ego
673 2036 746 2079 ipse
776 2046 852 2068 sum
878 2035 1007 2068 ostium
1032 2042 1063 2069 et

74 2095 211 2134 pastor3
253 2087 400 2127 ostium,
442 2087 523 2131 quia
564 2097 626 2128 ego
657 2086 774 2118 revelo
806 2092 955 2129 patrem;
999 2098 1061 2129 pa-

74 2147 166 2179 stor,
209 2139 290 2184 quia
321 2139 429 2171 verbo
461 2137 628 2175 iustifico,
670 2136 828 2176 vivifico,
872 2147 973 2179 pasco
1000 2143 1062 2171 ete.

76 1943 110 1970 et
131 1937 348 1978 saginentur.

75 2189 291 2225 Antithesis:
322 2189 392 2232 Qui
414 2200 486 2221 non
505 2187 702 2230 ingreditur
719 2198 780 2231 per
796 2187 945 2227 ostium,
972 2187 1061 2220 latro
1088 2201 1089 2207 ¹

75 2249 136 2275 est.

74 2304 137 2337 per
160 2293 306 2331 ostium,
335 2289 392 2324 hic
415 2301 496 2332 ergo
521 2289 674 2322 latrones
691 2288 844 2321 suerunt.
900 2287 1061 2322 Summa:

75 2342 198 2377 Solum
231 2343 377 2375 verbum
410 2338 544 2375 Christi
576 2339 704 2383 pascit,
741 2339 914 2378 vivificat,
948 2351 1089 2383 neque,

74 2394 227 2427 vivificat
265 2394 411 2426 verbum
454 2392 523 2424 nisi
564 2391 641 2435 ipso
676 2387 816 2424 Christo
860 2390 1089 2424 recludente³

75 2444 203 2478 ostium
222 2451 254 2478 et
271 2451 445 2488 pascente.

318 2544 405 2591 Ego
428 2557 508 2578 sum
532 2548 660 2590 pastor
686 2542 813 2579 bonus.

175 2615 336 2650 Secunda
353 2625 431 2659 pars
450 2613 646 2657 parabolae.

76 2667 221 2701 salutem
247 2667 367 2701 ovium
395 2664 551 2710 periculo
575 2664 664 2697 vitae
687 2676 768 2697 suae
791 2663 891 2705 emit,
925 2665 971 2697 ita
996 2675 1058 2708 ego

519 86 912 124 ANNOTATIONES
939 88 1004 122 ET
1031 86 1311 126 CONCIONES
1342 91 1390 126 IN
1415 90 1597 128 EVANG.
1627 92 1837 130 IOANNIS.

1022 1558 1093 1593 Ει1

192 2239 355 2283 Aptatio:
389 2238 596 2277 Venerunt,
626 2238 686 2282 qui
715 2249 787 2270 non
813 2237 958 2281 ingressi
980 2245 1063 2271 sunt
1088 2262 1089 2270 1

699 2612 798 2646 Sicut
815 2613 928 2645 bonus
944 2618 1061 2656 pastor
1085 2634 1087 2642 ι

2025 99 2117 133 1134

1104 175 1285 247 'animam
1318 189 1429 218 meam
1464 190 1529 225 pro
1563 180 1688 213 ovibus
1721 193 1826 225 pono.
1885 180 1966 215 Dixi
2002 195 2118 227 supra,

1104 251 1107 260 .
1131 223 1312 259 Christum
1337 230 1379 260 de
1400 240 1462 262 suo
1481 232 1624 274 proprio
1642 238 1675 265 et
1692 239 1858 276 perpetuo
1875 233 1989 266 officio
2007 234 2118 279 loqui,

1103 272 1106 340 f
1132 276 1281 315 scilicet,
1314 280 1407 323 quod
1434 280 1507 323 ipse
1531 293 1612 314 vere
1629 289 1746 325 pascat
1763 289 1795 316 et
1812 283 1973 317 vivificet.
2029 284 2117 318 Pro-

1104 345 1105 353 κ
1131 334 1247 371 pterea
1271 325 1328 361 hic
1351 331 1566 364 mentionem
1586 332 1667 366 sacit
1681 333 1803 366 mortis
1819 345 1918 373 suae,
1947 347 2014 380 qua
2031 336 2117 370 emit

1131 378 1237 411 vitam
1269 380 1413 421 ovibus,
1446 382 1557 415 sactus
1588 394 1650 426 pro
1677 384 1725 416 eis
1746 391 1924 428 peccatum
1949 393 1983 419 et
2008 387 2115 419 male-

1129 429 1278 469 dictum,
1312 438 1351 464 ut
1383 439 1560 475 peccatum
1596 440 1627 467 et
1650 435 1852 469 maledictio
1875 444 2114 472 evacuaretur.

1102 487 1103 501 ³
1128 477 1261 525 Estque
1285 478 1342 514 hic
1371 483 1467 515 Iocus
1490 484 1705 526 amplissima
1727 486 1920 520 consolatio
1940 488 2114 521 credenti-

1129 531 1211 569 bus,
1238 531 1300 565 ubi
1318 529 1480 566 Christus
1497 545 1532 567 se
1549 541 1694 568 testatur
1711 537 1881 570 excubare
1898 549 1960 581 pro
1977 539 2115 579 ovibus,

1128 593 1171 614 ne
1196 594 1262 626 qua
1281 582 1391 616 irruat
1412 584 1532 627 IupuS,
1560 592 1598 619 ut
1615 586 1758 620 credant
1777 587 2010 622 confidentius
2029 601 2114 622 con-

1127 632 1305 673 scientiae,
1333 634 1398 667 sibi
1417 647 1494 667 cum
1513 636 1549 668 in
1567 644 1679 670 morte
1697 644 1769 671 tum
1789 638 1824 670 in
1843 638 1919 671 aliis
1937 642 2113 673 aerumnis

1126 690 1342 730 praesentem
1368 692 1539 729 pastorem
1565 698 1648 721 esse.
1702 686 1827 722 Ezech.
1844 688 2011 725 XXXIV.
2031 702 2113 734 pro-

1127 734 1233 768 mittit
1263 736 1306 768 ad
1332 737 1485 770 eundem
1508 738 1652 770 modum
1679 739 1862 780 dominus,
1898 752 1969 773 sese
1995 749 2114 785 pastu—

1126 797 1202 817 rum
1227 797 1308 819 oves
1324 793 1404 827 etc.,
1438 787 1527 821 sicut
1552 788 1671 823 visitat
1697 797 1814 833 pastor
1837 802 1973 833 gregem
2000 804 2113 826 suum.

1124 834 1169 868 Et
1193 832 1277 869 haec
1304 838 1446 882 quidem
1471 839 1513 872 de
1539 840 1682 884 proprio
1706 840 1820 874 osficio
1839 840 1968 875 Christi
1986 843 2113 876 dicun—

1125 893 1199 925 tur,
1243 888 1303 932 qui
1340 895 1466 924 servat.
1534 887 1582 923 Et
1612 897 1651 924 ut
1681 891 1849 924 sciremus
1878 899 2112 934 servaturum,

1096 976 1097 996 Χ
1125 944 1236 971 morte
1261 945 1402 972 testatus
1426 946 1493 979 est,
1523 952 1668 986 eamque
1693 941 1788 974 velut
1805 943 1930 986 pignus
1948 944 2111 977 volunta-

1095 1003 1097 1035 t
1123 988 1166 1020 tis
1182 1000 1262 1021 suae
1279 989 1432 1034 reliquit.
1482 989 1585 1023 Nunc
1601 992 1660 1036 qui
1677 1003 1800 1024 omnes
1816 994 1995 1027 ministros
2012 995 2109 1028 verbi

1123 1039 1198 1072 vult
1223 1038 1364 1073 Christo
1396 1041 1543 1082 addere,
1580 1041 1639 1076 ille
1664 1041 1721 1075 hic
1747 1043 1925 1083 observet,
1960 1052 2110 1079 mortem

1123 1101 1194 1122 esse
1210 1090 1347 1130 signum
1365 1092 1591 1135 apostolatus.
1645 1093 1714 1127 Sed
1733 1105 1794 1137 ego
1811 1094 1952 1128 interim
1970 1097 2012 1128 de
2028 1108 2109 1139 pro-

1124 1141 1198 1183 prio
1216 1139 1348 1175 Christi
1365 1143 1480 1176 officio
1499 1155 1682 1186 exponam.
1699 1164 1750 1169 —
1802 1144 1888 1179 Sum
1907 1147 2107 1189 pastor'bo-

1093 1189 1097 1239 f
1123 1203 1205 1232 nus,
1233 1194 1313 1237 quia
1339 1205 1413 1226 mea
1432 1193 1548 1227 anima
1565 1195 1701 1229 redimo
1718 1207 1810 1230 oves.
1865 1196 2108 1231 Mercenarius

1093 1244 1096 1332 ἰ
1121 1249 1192 1283 est,
1220 1243 1280 1288 qui
1297 1255 1357 1278 sua
1375 1245 1523 1290 quaerit.

1093 1336 1095 1348 I

1092 1349 1095 1368 ⁴
1374 1351 1427 1385 Et
1453 1364 1517 1399 ego
1543 1366 1715 1400 cognosco
1739 1368 1849 1391 meas.

1091 1423 1094 1476 Ι
1222 1427 1344 1463 Tertia
1369 1441 1449 1476 pars
1472 1431 1658 1474 parabolae
1682 1432 1798 1465 locum
1818 1431 1925 1468 habet
1942 1435 2107 1478 dignissi-

1092 1484 1094 1532 ᾗ
1119 1491 1215 1512 mum
1246 1481 1510 1521 observatione,
1544 1482 1638 1526 quod
1670 1490 1789 1526 pastor
1812 1497 1894 1518 oves
1920 1487 2037 1525 novit,
2074 1495 2106 1521 et

1118 1531 1217 1563 illum
1236 1531 1389 1563 vicissim
1406 1543 1488 1564 oves
1503 1539 1645 1567 norunt.
1699 1533 1871 1576 Primum,
1894 1538 1988 1581 quod
2002 1536 2106 1571 Chri-

1117 1588 1190 1614 stus
1215 1581 1315 1615 novit
1339 1594 1438 1622 oves,
1473 1584 1695 1618 commendat
1719 1596 1816 1618 suam
1842 1587 2104 1621 solicitudinem

1092 1645 1093 1651 ¹
1118 1632 1221 1664 nobis
1249 1645 1311 1675 pro
1338 1633 1480 1672 ovibus,
1509 1640 1540 1665 et
1567 1635 1659 1678 quod
1688 1643 1787 1668 vocat
1812 1649 1867 1670 eas
1891 1639 2102 1672 nominatim

1119 1683 1267 1725 pertinet
1284 1684 1325 1716 ad
1343 1681 1419 1724 hoc,
1447 1685 1542 1728 quod
1559 1686 1643 1718 alias
1659 1698 1740 1719 oves
1757 1687 1858 1720 aliter
1874 1696 1984 1723 vocat.
2022 1689 2103 1723 Dis-

1119 1733 1264 1766 crimina
1290 1742 1370 1768 sunt
1396 1737 1590 1775 donorum,
1624 1738 1868 1780 vocationum,
1895 1740 2103 1782 officiorum,

1090 1816 1092 1827 ¹
1118 1796 1205 1829 quae
1225 1785 1297 1829 ipse
1316 1797 1378 1829 pro
1395 1797 1458 1818 suo
1478 1786 1625 1819 arbitrio
1643 1789 1806 1836 partitur.

1218 1850 1400 1891 Secundo,
1435 1853 1528 1896 quod
1563 1865 1644 1886 oves
1669 1863 1844 1890 noverunt
1868 1857 2002 1901 ipsum,
2035 1856 2101 1893 hoc

1115 1902 1304 1944 significat,
1332 1914 1413 1935 oves
1435 1900 1562 1935 habere
1582 1905 1822 1939 testimonium
1842 1909 1957 1941 cordis
1973 1910 2045 1949 sui,
2069 1917 2102 1944 et

1117 1965 1195 1986 vere
1218 1955 1378 1993 credere,
1406 1955 1499 1998 quod
1519 1952 1575 1987 hic
1594 1968 1674 1988 vere
1692 1957 1735 1989 sit
1753 1955 1915 1992 Christus
1934 1967 2052 2003 pastor
2068 1968 2100 1994 et

1115 2004 1327 2042 vivificator,
1364 2011 1396 2037 et
1426 2005 1463 2036 in
1495 2006 1601 2038 verbo
1634 2005 1767 2040 Christi
1800 2021 1899 2052 posse
1931 2010 2098 2044 clamare:

1115 2055 1215 2088 Abba
1232 2061 1340 2097 pater.
1382 2053 1459 2087 Hoc
1474 2063 1534 2093 est.
1563 2058 1655 2100 quod
1669 2057 1788 2091 Esaias
1804 2059 1935 2104 inquit:
1965 2059 2100 2095 Omnes

1114 2112 1216 2139 erunt
1232 2103 1457 2140 theodidacti.
1511 2105 1555 2139 Et
1572 2107 1784 2142 Hieremias:
1810 2109 2027 2154 cognoscent
2045 2124 2100 2146 me

1113 2168 1234 2189 omnes
1258 2167 1276 2189 a
1297 2157 1446 2189 minimo
1463 2169 1574 2201 usque
1593 2160 1634 2191 ad
1654 2160 1856 2194 maximum.
1910 2161 2018 2196 Vides
2037 2175 2099 2197 au-

1087 2215 1090 2258 ᾗ
1113 2215 1181 2240 tem
1216 2205 1305 2240 hanc
1334 2215 1468 2255 partem
1497 2220 1568 2240 non
1601 2221 1700 2252 posse
1723 2210 1857 2253 vulgari
1880 2212 1914 2245 in
1940 2214 2098 2259 reliquos

1114 2258 1212 2291 verbi
1237 2258 1433 2299 ministros,
1468 2259 1525 2291 sed
1554 2260 1694 2305 proprie
1716 2262 1758 2293 ad
1783 2260 1963 2296 Christum
1988 2266 2098 2312 perti-

1113 2321 1207 2342 nere.
1265 2309 1353 2342 Nam
1385 2309 1559 2353 sequitur:
1594 2310 1692 2344 Sicut
1715 2312 1815 2345 novit
1837 2325 1892 2346 me
1916 2322 2030 2358 pater,
2064 2323 2097 2349 et

1114 2370 1175 2402 ego
1200 2371 1372 2405 cognosco
1397 2367 1530 2402 patrem
1543 2386 1550 2399 ,
1579 2360 1598 2394 i.
1619 2373 1646 2395 e.
1664 2374 1735 2394 non
1754 2363 1842 2396 sicut
1859 2366 2014 2398 mundus
2032 2378 2097 2399 no—

1087 2424 1089 2446 ;
1113 2411 1162 2443 vit
1185 2411 1240 2443 vel
1267 2423 1321 2443 me
1344 2411 1397 2442 vel
1424 2417 1574 2454 patrem:
1603 2413 1660 2444 sed
1689 2419 1786 2456 pater
1808 2415 1924 2454 novit,
1953 2428 2008 2449 me
2025 2428 2097 2451 esse

1086 2451 1246 2501 ffilium,
1280 2468 1462 2504 propterea
1494 2461 1662 2501 glorificat
1693 2475 1747 2496 me
1778 2471 1944 2509 tanquam
1973 2467 2097 2509 filium,

1085 2496 1089 2555 I
1113 2519 1145 2545 et
1178 2512 1331 2545 ostendit
1364 2523 1418 2543 me
1442 2511 1520 2544 aliis
1542 2524 1613 2545 esse
1636 2513 1764 2547 filium:
1800 2522 1831 2548 et
1856 2527 1917 2559 ego
1943 2518 2094 2552 vicissim

1085 2560 1088 2626 ⁴
1111 2563 1265 2606 glorifico
1296 2569 1427 2605 patrem
1454 2569 1516 2595 etc.
1583 2563 1641 2597 Sic
1668 2577 1749 2597 oves
1776 2574 1910 2601 norunt
1934 2575 1964 2602 et
1989 2569 2096 2612 glori-

1111 2614 1214 2647 ficant
1240 2625 1294 2645 me
1314 2613 1423 2645 silium
1443 2615 1741 2657 quemadmodum
1762 2625 1859 2660 pater
1875 2622 2025 2655 ostendit
2042 2634 2096 2655 me

1083 2648 1087 2712 l
1111 2664 1177 2705 eis,
1202 2664 1249 2697 sic
1268 2664 1371 2698 etiam
1387 2675 1468 2697 oves
1486 2672 1618 2699 norunt
1636 2673 1784 2712 patrem.
