2409 2915
81 121 151 158 761
328 118 410 156 xlt.

78 218 152 241 esse
171 205 313 245 falsam,
341 217 405 238 nec
430 214 620 245 congruere
644 214 722 235 cum
750 201 910 235 doctrina
929 202 1020 235 clare
1033 207 1066 235 et

78 264 173 291 certo
203 256 242 289 in
263 256 434 300 scriptura
461 267 478 288 a
506 250 712 295 Prophetis,
748 250 888 286 Christo
911 259 942 285 et
967 253 1065 295 Apo-

79 308 178 342 stolis
199 307 345 348 tradita,
373 305 521 350 proinde
543 303 633 336 serio
652 303 786 336 debetis
801 310 834 337 et
849 303 983 347 ingenti
999 304 1065 335 im-

79 366 162 403 petu
193 357 322 396 animi,
357 368 417 390 seu
446 354 585 388 ardenti
610 354 683 387 zelo
706 354 824 397 fugere
848 352 914 387 hoe
938 354 1063 398 dogma

77 416 112 444 et
129 407 310 443 exsecrari.

177 465 339 512 Exempli
364 476 481 498 causa:
511 462 631 497 Iudaei
654 471 782 508 negant
798 463 965 497 Messiam
990 465 1064 497 fore

75 525 200 552 natura
218 516 350 555 Deum,
377 515 436 548 sed
459 515 679 549 contendunt
703 521 838 549 tantum
857 513 1063 549 habiturum

76 567 266 603 humanam
292 572 467 600 naturam.
534 564 630 598 Idem
655 566 847 610 proclamat
872 563 1062 599 Mahome—

75 627 146 654 tus:
173 629 212 650 ac
244 628 344 661 saepe
368 613 595 660 blasphemus
619 614 677 650 hic
699 628 797 650 error
819 617 887 649 late
912 628 1062 660 sparsus,

73 677 177 714 atque
199 679 361 710 magnam
388 673 522 710 partem
544 667 641 700 orbis
662 674 834 701 terrarum
856 674 1062 711 pervagatus

72 727 140 758 est,
166 725 205 752 ut
229 730 309 751 cum
333 716 495 758 Hebion,
521 715 729 758 Cerinthus,
757 718 1005 752 Samosatenus
1029 725 1061 751 et

71 770 135 804 alii
164 769 308 803 fanatici
340 769 499 802 furenter
523 780 562 801 ac
585 769 810 812 impudenter
832 766 975 802 Christo
999 769 1060 802 de-

71 826 253 855 traxerunt
277 819 436 852 divinam
457 825 638 860 naturam,
665 831 769 865 quem
788 820 964 853 finxerunt
981 827 1059 854 tan-

71 878 145 906 tum
164 871 269 904 fuisse
285 867 480 906 hominem.

172 938 265 972 Huic
288 944 395 971 tetrae
421 935 662 982 blasphemiae
686 950 747 970 vos
771 938 937 982 opponite
958 936 1058 972 Cate-

70 986 196 1023 chismi
229 988 444 1026 doctrinam,
486 1001 575 1033 quae
605 995 794 1029 asseverat,
835 989 873 1020 in
905 986 1059 1029 Christo,

69 1046 152 1073 nato
177 1051 217 1073 ex
241 1039 377 1082 virgine
400 1039 534 1078 Maria,
571 1041 656 1072 duas
682 1050 754 1072 esse
777 1046 938 1079 naturas,
967 1039 1057 1071 divi-

67 1102 152 1124 nam
169 1097 201 1124 et
219 1087 423 1125 humanam.
478 1090 571 1133 Quia
589 1090 796 1135 Symbolum
808 1089 979 1123 Nicenum
999 1101 1057 1122 ex-

67 1152 184 1185 presse
207 1141 311 1181 dicit,
338 1140 453 1174 Deum
478 1142 521 1174 de
547 1140 641 1179 Deo,
670 1140 807 1174 Lumen
832 1142 875 1173 de
894 1139 1057 1180 Lumine,

66 1190 183 1226 Deum
202 1204 322 1225 verum
339 1193 382 1225 de
399 1190 474 1225 Deo
493 1204 595 1232 vero,
622 1192 797 1235 genitum,
825 1203 897 1224 non
915 1192 1056 1229 factum,

69 1243 403 1276 consubstantialem
428 1242 542 1281 Patri,
570 1248 602 1275 et
625 1242 767 1286 quidem
789 1239 894 1274 huius
917 1241 1055 1274 articuli

67 1292 208 1326 firmum
230 1304 269 1325 ac
294 1292 437 1325 evidens
458 1292 698 1325 testimonium
721 1298 825 1335 atque
843 1292 1055 1324 fundamen-

67 1350 142 1376 tum
168 1349 217 1376 est
240 1343 396 1375 narratio
423 1339 593 1375 Iohannis
617 1340 801 1384 Apostoli,
835 1341 896 1386 qni
922 1342 1056 1374 descri-

65 1400 191 1435 pturus
217 1399 360 1426 naturas
382 1393 419 1424 in
445 1389 603 1431 Christo,
637 1393 777 1425 orditur
802 1403 820 1424 a
847 1392 969 1425 divina
997 1391 1054 1425 Io-

65 1440 175 1478 hann.
196 1444 246 1483 1.;
274 1443 333 1476 sed
357 1443 503 1486 adiungi
527 1449 674 1487 possunt
696 1443 824 1476 similia
842 1443 1054 1476 manifestis-

64 1493 152 1527 sima
175 1500 208 1527 et
223 1494 414 1527 certissima
433 1494 632 1527 testimonia
645 1519 654 1532 ,
683 1505 771 1539 quae
789 1494 917 1537 passim
936 1500 1054 1528 extant

63 1544 100 1578 in
117 1541 374 1589 Prophetarum
392 1551 425 1578 et
442 1544 694 1589 Apostolorum
712 1545 874 1589 scriptis„

389 1661 494 1684 Aliud
522 1662 726 1690 exemplum.

164 1721 259 1765 Papa
281 1719 466 1754 Romanus
493 1721 724 1759 vociferatur,
748 1727 780 1753 te
804 1722 970 1764 consequi
997 1732 1051 1753 re-

63 1773 267 1806 missionem
297 1777 539 1814 peccatorum‚
576 1770 897 1803 reconciliationem
930 1777 963 1803 et
994 1783 1051 1803 ac-

62 1823 295 1866 ceptationem
336 1822 379 1853 ad
417 1820 525 1853 vitam
560 1827 738 1853 aeternam
769 1828 912 1864 propter
943 1822 1050 1854 sacri-

60 1875 178 1907 ficium
199 1871 347 1911 Missae,
377 1878 409 1904 et
434 1872 716 1904 observationem
742 1872 899 1904 cultuum
919 1871 1050 1904 Mona-

59 1925 241 1959 stieorum.
295 1921 424 1956 Contra
445 1919 528 1954 haec
546 1921 717 1966 Papistica
737 1923 966 1956 deliramenta
985 1924 1049 1956 do-

60 1982 113 2010 cet
130 1971 389 2013 Catechismus,
416 1972 657 2006 remissionem
677 1980 897 2016 peccatorum
916 1986 1049 2018 nequa-

61 2038 166 2072 quam
191 2024 267 2058 dari
284 2031 428 2068 propter
445 2024 517 2056 ulla
534 2024 657 2057 merita
675 2031 813 2063 nostra,
842 2025 895 2057 vel
913 2025 1046 2057 rituum

59 2085 94 2111 et
124 2075 402 2109 ceremoniarum
433 2075 715 2116 observationes,
749 2076 807 2107 sed
844 2075 952 2119 accipi
980 2075 1048 2108 fide

59 2127 186 2172 gratis,
210 2133 353 2170 propter
375 2125 485 2158 fitium
510 2126 579 2159 Dei
602 2127 831 2159 mediatorem
850 2125 1046 2159 Dominum

59 2185 221 2213 nostrum
246 2176 362 2209 Iesum
386 2173 586 2215 Christum,
620 2177 862 2210 remissionem
888 2184 1047 2220 peccato-

59 2241 159 2269 rum,
194 2227 518 2261 reconciliationem
551 2239 611 2260 seu
644 2228 948 2267 iustificationem,
982 2228 1047 2261 do-

58 2280 240 2314 nationem
260 2278 415 2326 Spiritus
436 2278 567 2318 sancti,
595 2284 627 2311 et
650 2276 900 2311 haereditatem
926 2278 1046 2311 salutis

59 2343 98 2366 ac
118 2331 209 2364 vitae
225 2329 468 2373 sempiternae.
524 2327 596 2361 Iam
616 2335 745 2373 quanta
765 2328 979 2362 contumelia
997 2335 1046 2362 est

58 2383 225 2417 adversus
256 2381 367 2413 filium
401 2378 467 2413 Dei
498 2378 612 2413 lesum
637 2377 839 2419 Christum,
873 2377 1044 2412 honorem

59 2440 93 2468 et
123 2433 256 2468 cultum
286 2431 351 2465 soli
375 2431 442 2475 ipsi
465 2431 644 2471 debitum,
679 2430 869 2464 attribuere
893 2431 1046 2463 sordidis
1069 2411 1073 2453 Ι

58 2484 224 2528 operibus
246 2480 482 2516 humanarum
504 2482 755 2522 traditionum,
781 2493 841 2514 seu
859 2482 1046 2515 transferre

60 2546 197 2569 causam
227 2533 445 2567 remissionis
470 2533 506 2566 in
530 2544 619 2577 opus
644 2529 814 2566 Monachi
838 2531 1045 2566 Missatoris.

60 2584 194 2620 Verum
225 2584 307 2618 satis
341 2581 425 2617 haec
450 2585 633 2628 perspicue
656 2591 689 2618 et
713 2583 911 2617 luculenter
934 2584 1045 2627 expli-

62 2644 185 2670 cantur
213 2637 251 2669 in
274 2632 473 2669 Catechesi:
508 2647 612 2679 quam
644 2635 815 2678 puerilem
847 2635 1044 2668 doctrinam

62 2684 271 2721 Catechismi
301 2686 407 2720 vestri
438 2686 549 2719 nostis
580 2686 778 2720 firmissime
808 2685 1046 2728 constitutam,

464 114 855 153 ANNOTATIONES
881 115 945 151 ΕΤ
972 112 1252 151 CONClONES
1291 116 1339 151 IN
1373 115 1551 154 EVANG.
1579 117 1859 156 MATTHAEI.

2031 121 2104 156 762

1116 201 1262 244 fultam,
1304 202 1425 243 fixam,
1465 211 1498 238 et
1535 204 1719 238 fundatam
1754 217 1827 239 esse
1859 206 2021 250 plurimis
2052 214 2102 241 te-

1115 252 1292 285 stimoniis
1315 254 1517 288 coelestium
1542 262 1574 288 et
1597 255 1798 289 divinarum
1818 257 2026 291 concionum
2044 269 2100 292 sa·-

1115 314 1194 336 crae
1211 303 1414 348 scripturae.

1413 403 1569 427 'tertium
1600 406 1802 435 exemptum.

1216 451 1466 498 Anabaptistae
1483 462 1516 489 et
1525 455 1712 489 Antinomi
1729 458 1886 492 furenter
1901 461 2097 495 clamitant:

1115 503 1227 538 [ustos
1252 516 1324 538 esse
1347 506 1495 539 omnino
1519 519 1536 539 a
1555 506 1647 550 Lege
1673 508 1859 550 liberatos,
1886 510 2036 556 ideoque
2053 512 2098 544 li-

1113 567 1189 588 cere
1205 556 1335 589 renatis
1352 557 1464 590 facere
1480 558 1646 602 quicquid
1663 558 1761 600 libet,
1788 560 2006 594 committere
2020 574 2098 595 cae-

1113 607 1190 645 des,
1217 607 1407 648 adulteria,
1433 614 1496 641 etc.
1562 607 1685 642 Postea
1717 607 1782 643 hos
1804 608 2009 644 Diabolicos
2031 612 2098 644 im-

1113 653 1215 701 petus
1243 657 1419 691 affirmant
1446 670 1518 691 esse
1541 666 1657 692 motus
1686 659 1841 703 Spiritus
1869 662 2000 700 sancti,
2036 669 2097 696 etc.

1111 707 1290 741 Adversus
1319 705 1523 741 huiusmodi
1554 710 1701 743 fanatica
1729 711 1958 746 deliramenta
1982 713 2099 747 munit

1112 765 1144 792 et
1168 759 1352 792 confirmat
1376 765 1410 792 te
1433 771 1500 792 vox
1522 758 1686 802 Decalogi
1710 761 1747 794 in
1771 760 2012 804 Catechismo,
2039 776 2098 796 ex-

1112 821 1227 853 presse
1248 810 1399 844 recitans
1423 806 1487 843 has
1509 810 1744 844 severissimas
1763 810 2024 855 prohibitiones
2040 814 2098 846 di-

1111 861 1224 893 vinas:
1252 860 1331 894 Non
1350 860 1496 901 occides,
1520 860 1601 894 Non
1617 859 1868 900 moechaberis,
1893 871 1954 898 etc.
2006 864 2097 897 Nam

1111 910 1196 945 haec
1219 911 1291 956 ipsa
1316 912 1370 944 lex
1389 912 1531 944 moralis
1548 919 1597 946 est
1616 919 1756 946 aeterna
1776 920 1808 947 et
1823 914 1988 954 immota,
2018 927 2097 948 cum

1110 963 1155 996 sit
1184 962 1222 995 in
1251 970 1394 996 aeterno
1418 960 1492 995 Deo
1517 963 1705 1007 sapientia,
1741 970 1773 997 et
1797 976 1920 998 norma
1944 965 2097 998 iustitiae

1110 1024 1251 1057 prorsus
1268 1013 1513 1046 immutabilis:
1542 1025 1619 1046 cum
1637 1025 1704 1058 qua
1721 1015 1815 1058 lege,
1841 1027 1902 1048 seu
1920 1027 1998 1048 cum
2018 1015 2098 1061 qui-

1109 1065 1173 1097 bus
1197 1064 1388 1107 praeceptis
1412 1062 1598 1106 Decalogi,
1624 1065 1802 1110 lquicquid
1825 1078 1897 1099 non
1923 1067 2098 1109 congruit,

1108 1115 1168 1147 sed
1192 1120 1343 1158 pugnat,
1377 1114 1555 1147 verissime
1580 1122 1760 1158 peccatum
1785 1123 1845 1151 est.
1912 1116 1983 1150 Nec
2007 1117 2096 1150 tibe-

1108 1165 1197 1198 ratio
1227 1177 1246 1198 a
1275 1165 1350 1208 lege
1380 1164 1599 1207 intelligatur
1628 1165 1769 1199 licentia
1800 1167 1958 1200 violandi
1982 1168 2094 1211 legem

1107 1216 1171 1249 Dei
1190 1222 1310 1249 contra
1329 1215 1592 1251 conscientiam.
1628 1215 1707 1249 Non
1726 1217 1819 1250 enim
1838 1225 1949 1260 potest
1965 1218 2096 1252 exstin-

1107 1267 1165 1310 gui
1182 1266 1397 1309 DecaloguS,
1424 1273 1484 1299 aut
1502 1266 1549 1299 ita
1565 1267 1746 1309 abrogari,
1772 1274 1811 1301 ut
1828 1276 2004 1312 peccatum
2021 1281 2095 1302 non

1107 1317 1259 1360 amplius
1283 1317 1327 1350 sit
1350 1324 1547 1360 peccatum:
1577 1318 1636 1350 sed
1660 1319 1839 1351 credentes
1857 1319 1934 1352 ideo
1954 1319 2095 1353 liberati

1105 1375 1188 1401 sunt
1213 1379 1230 1400 a
1254 1367 1503 1400 maledictione
1527 1367 1631 1410 legis,
1659 1375 1697 1401 ut
1715 1369 1783 1401 fide
1801 1369 1963 1402 vincente
1979 1376 2094 1403 tenta-

1106 1418 1238 1459 tiones,
1266 1424 1412 1451 caveant
1432 1418 1550 1462 lapsus
1574 1424 1695 1451 contra
1715 1419 1984 1460 conscientiam,
2011 1420 2095 1459 imo,

1105 1475 1144 1502 ut
1177 1469 1336 1512 deposito
1366 1474 1400 1502 et
1427 1470 1562 1502 abiecto
1588 1476 1748 1513 peccato,
1782 1470 1977 1504 vestiantur
2002 1483 2094 1504 nova

1104 1520 1201 1558 luce,
1230 1519 1382 1559 iustitia,
1408 1520 1563 1554 castitate
1588 1526 1622 1553 et
1639 1520 1782 1554 caeteris
1799 1521 1991 1554 virtutibus
2009 1533 2094 1555 con-

1105 1569 1313 1612 gruentibus
1341 1570 1384 1602 ad
1416 1568 1527 1613 ipsam
1562 1570 1673 1614 legem
1704 1578 1887 1605 sonantem
1911 1572 1948 1605 in
1973 1579 2093 1606 monte

1104 1621 1201 1655 Sina.

1208 1669 1254 1703 Ut
1277 1669 1370 1702 enim
1397 1671 1581 1703 commode
1605 1671 1760 1704 valentes
1782 1677 1866 1704 tunc
1887 1672 2056 1705 dicuntur
2073 1685 2093 1706 a

1105 1720 1238 1753 morbis
1267 1720 1391 1758 liberi,
1431 1722 1573 1764 quando
1604 1721 1860 1754 convaluerunt
1890 1731 2091 1766 recuperata

1103 1771 1269 1805 sanitate:
1302 1771 1348 1804 ita
1380 1770 1518 1804 liberati
1547 1783 1564 1804 a
1589 1771 1662 1815 lege
1687 1784 1725 1805 ac
1749 1779 1889 1815 peccato
1913 1773 2091 1814 dicuntur,

1103 1822 1163 1867 qui
1192 1828 1427 1864 repugnantes
1457 1823 1588 1866 peccati
1614 1823 1772 1867 reliquiis
1797 1823 1964 1866 paulatim
1990 1836 2092 1867 pror-

1102 1884 1159 1906 sus
1182 1871 1385 1910 abolendis,
1412 1872 1481 1904 iam
1504 1873 1573 1905 fide
1596 1873 1763 1906 vivificati
1783 1880 1882 1914 sunt,
1910 1882 1943 1908 et
1959 1872 2092 1909 hahent

1102 1935 1229 1956 novam
1248 1923 1380 1961 lucem,
1405 1922 1704 1961 consolationem,
1733 1935 1771 1956 ac
1788 1935 1900 1957 novos
1918 1931 2034 1959 motus
2052 1926 2089 1958 in

1101 1974 1205 2007 corde
1224 1973 1421 2006 conformes
1437 1984 1497 2007 seu
1513 1981 1746 2017 congruentes
1763 1974 1829 2017 legi
1849 1975 1999 2017 divinae,
2026 1983 2089 2010 etc.

1101 2024 1411 2067 Quemadmodum
1445 2023 1481 2056 in
1513 2022 1603 2058 hanc
1633 2025 1841 2058 sententiam
1871 2037 1972 2070 saepe
2003 2027 2089 2060 alias

1101 2075 1276 2119 copiosius
1307 2074 1462 2118 proponi
1490 2076 1702 2109 necessarias
1734 2077 2089 2111 commonefactiones

1100 2124 1323 2159 meministis.

1390 2226 1557 2254 Quartum
1591 2227 1795 2257 exemplum.

1201 2278 1239 2313 Si
1271 2278 1349 2323 quis
1380 2281 1588 2317 contendat,
1626 2286 1659 2312 te
1689 2279 1818 2311 iustum
1847 2289 1919 2311 esse
1943 2285 2087 2322 propter

1099 2328 1212 2364 Deum
1252 2327 1529 2370 inhabitantem,
1570 2341 1648 2369 seu,
1688 2336 1725 2362 ut
1766 2328 1866 2371 fingit
1896 2327 2084 2370 Osiander,

1099 2388 1242 2425 propter
1267 2380 1435 2413 iustitiam
1458 2380 1676 2413 essentialem
1697 2380 1733 2412 in
1750 2379 1846 2419 Deo,
1872 2392 1961 2424 quae
1979 2380 2084 2413 efficit

1100 2439 1132 2466 te
1155 2433 1244 2466 iusta
1270 2432 1394 2465 facere.
1439 2429 1544 2463 Hunc
1568 2431 1712 2464 modum
1739 2430 1995 2464 iustificationis
2020 2442 2084 2463 en—

1099 2481 1340 2517 thusiasticum
1372 2481 1500 2514 refutat
1530 2481 1652 2514 itidem
1685 2482 1844 2514 doctrina
1871 2478 2082 2514 Catechismi

1097 2535 1167 2575 tui,
1201 2535 1237 2567 in
1270 2532 1419 2566 articulo
1445 2531 1525 2565 fidei
1551 2533 1594 2565 de
1619 2532 1824 2565 remissione
1852 2538 2084 2575 peccatorum,

1096 2592 1130 2620 et
1165 2583 1453 2619 reconciliatione
1490 2583 1639 2626 gratuita
1670 2590 1815 2627 propter
1845 2582 2082 2616 obedientiam

1095 2636 1299 2670 mediatoris
1313 2631 1456 2668 Christi.
1508 2633 1617 2667 Docet
1635 2634 1728 2666 enim
1744 2630 1962 2674 Catechesis,
1988 2633 2082 2678 quod

1096 2687 1232 2722 etiamsi
1255 2684 1475 2720 verissimum
1499 2685 1561 2725 sit,
1588 2683 1703 2719 Deum
1728 2682 1888 2718 habitare
1910 2696 1948 2719 ac
1967 2684 2082 2718 effica-
