2409 2915
81 114 155 150 977
340 114 423 153 ΧΠ.

80 199 218 235 vocatio
241 200 308 235 Dei
325 213 398 235 non
414 208 505 236 reete
519 200 573 242 fit,
600 201 742 247 quando
766 201 894 248 aliquis
918 210 1010 238 errat
1032 203 1069 238 in

79 252 228 286 articulo
257 252 357 292 fidei,
395 252 453 285 vel
484 251 626 298 quando
649 260 847 297 perseverat
870 254 908 288 in
932 255 1068 290 delictis

80 309 204 338 contra
227 302 488 340 conscientiam.

430 384 519 418 Alia
540 384 708 426 Regula.

183 446 354 482 Doctrina
380 447 423 481 de
455 448 663 482 ceremoniis
687 455 738 483 est
760 449 902 494 duplex.
964 447 1067 483 Aliae

80 499 299 532 ceremoniae
321 505 439 532 sunta
454 497 529 532 Deo
556 499 754 541 institutae,
789 507 830 534 ut
853 499 1066 545 Baptismus,

82 556 117 583 et.
133 548 250 583 Coena
266 547 424 583 Domini.
477 547 613 583 Harum
637 562 755 584 rerum
780 562 863 584 usus
887 551 992 585 etiam
1016 558 1066 585 est

79 599 312 639 necessarius,
338 600 398 632 sed
413 599 604 645 aliquando
622 601 660 634 in
677 613 757 635 casu
775 601 988 636 necessitatis
1003 602 1065 636 ad-

78 650 186 684 mittit
203 650 511 694 dispensationem.

178 699 279 734 Aliae
296 707 378 734 sunt
396 701 616 735 ceremoniae
631 699 786 736 humana
803 703 991 737 autoritate
1009 703 1065 736 in-

76 749 228 786 stitutae.
279 749 415 785 Harum
433 753 561 795 gradus
576 752 679 796 longe
700 753 791 787 insra
814 754 952 787 divinas
969 765 1064 787 cere-

76 801 214 835 monias
231 801 457 835 collocandus
470 809 531 836 est.
583 802 658 836 lmo
673 804 890 838 ceremoniae
910 802 1063 838 humana

76 852 264 886 autoritate
294 853 472 886 institutae
505 864 648 897 prorsus
677 854 793 888 omitti
821 861 968 899 possunt
989 855 1063 888 sine

76 903 152 937 ullo
169 909 321 947 peccato.
374 901 422 937 Et
443 904 623 938 interdum
649 911 697 938 est
725 913 902 948 peccatum
927 917 983 939 eas
998 907 1064 939 ob-

75 965 237 993 servare,
263 960 302 988 ut
325 965 403 987 cum
422 962 580 998 pugnant
596 967 674 988 cum
693 955 766 998 lege
784 956 868 997 Dei,
903 956 957 989 vel
982 968 1062 990 cum

74 1004 207 1038 accedit
237 1005 456 1049 superstitio:
502 1012 541 1039 ut
571 1014 715 1049 peccant
745 1013 922 1041 servantes
950 1007 1061 1050 legem

73 1054 265 1089 coelibatus
280 1055 336 1088 vel
353 1061 433 1089 vota
450 1057 643 1090 monastica
661 1063 725 1092 etc.

174 1112 277 1148 Hanc
302 1114 566 1149 distinctionem
589 1121 727 1159 oportet
750 1114 967 1149 notissimam
990 1127 1062 1150 esse

73 1165 238 1198 omnibus
264 1162 489 1207 hominibus,
530 1172 565 1200 et
594 1163 677 1199 hinc
709 1173 867 1200 sumatur
890 1167 1060 1211 expositio

73 1215 157 1250 dicti
175 1213 320 1251 Christi.

175 1265 364 1300 Decimatis
379 1272 534 1299 mentam
548 1274 611 1302 etc.
657 1265 704 1300 Et
721 1267 883 1301 omittitis
900 1268 1060 1310 graviora

73 1316 175 1360 legis,
202 1310 390 1356 iudicium,
416 1316 716 1357 misericordiam,
752 1324 785 1350 et
803 1318 917 1352 fidem.
970 1317 1059 1351 Cum

73 1367 232 1400 nominat
250 1367 370 1407 sidem,
399 1366 566 1409 intelligit
583 1379 704 1399 omnes
722 1368 888 1400 articulos
906 1368 999 1407 fidei,
1027 1375 1061 1402 et

70 1423 182 1451 totum
207 1416 341 1450 cultum
366 1417 588 1457 interiorem,
629 1423 663 1450 et
687 1418 940 1451 confessionem
965 1419 1059 1452 iuxta

70 1468 225 1512 primum
242 1474 275 1500 et
291 1468 483 1501 secundum
502 1473 738 1512 praeceptum.

174 1517 297 1551 Postea
338 1530 416 1551 cum
452 1519 611 1551 nominat
653 1518 844 1559 iudicium,
894 1518 1060 1563 intelligit

71 1569 190 1603 omnia
208 1580 311 1613 opera
329 1569 520 1602 necessaria
533 1594 543 1607 ,
569 1568 646 1602 vult
668 1569 764 1612 argui
788 1568 904 1602 omnia
922 1578 1059 1613 peccata

71 1627 192 1654 contra
217 1631 446 1664 quaecunque
470 1625 669 1662 praecepta,
698 1626 730 1652 et
755 1620 830 1652 vult
854 1620 927 1653 fieri
954 1632 1058 1664 opera

71 1670 283 1711 necessaria,
310 1669 412 1703 vitari
431 1669 676 1714 Idololatrias,
705 1668 915 1712 Adulteria,
941 1670 1060 1712 Furta,

70 1720 271 1756 Mendacia.

172 1769 262 1805 Cum
278 1769 440 1803 nominat
457 1767 748 1808 misericordiam,
773 1767 942 1812 praecipit
954 1780 1059 1813 opera

71 1821 244 1857 secundae
261 1819 440 1860 Tabulae,
467 1819 597 1865 quibus
621 1819 764 1853 iuvatur
786 1819 984 1863 proximus,
1021 1825 1060 1853 ut

67 1871 321 1918 Eleemosynas
336 1897 346 1912 ,
415 1869 654 1904 defensionem
703 1869 832 1903 iniuste
875 1881 1059 1914 oppresso-

68 1935 149 1958 rum
177 1929 242 1957 etc.

171 1972 223 2008 Ita
245 1972 465 2018 perspicuum
491 1978 560 2012 est,
587 1969 768 2006 Christum
792 1969 850 2004 hic
868 1971 904 2004 in
923 1969 977 2005 his
995 1972 1059 2007 tri-

68 2026 136 2060 hus
149 2024 318 2058 membris
333 2023 516 2068 complecti
534 2024 824 2062 fundamentum,
853 2022 887 2055 id
907 2030 975 2062 est,
1003 2035 1059 2056 ar-

69 2076 196 2110 ticulos
227 2075 327 2115 fidei,
369 2081 402 2108 et
425 2074 652 2118 Decalogum.
716 2073 763 2108 Et
791 2075 834 2107 de
866 2070 920 2106 his
954 2074 1056 2108 dicit:

68 2125 165 2161 Haec
180 2125 363 2170 oportebat
381 2126 503 2160 facere.

170 2176 331 2212 Sciamus
363 2176 450 2210 adeo
487 2175 720 2209 necessarium
752 2186 823 2208 esse
847 2175 1060 2208 fundamen·-

68 2236 163 2267 tum,
197 2234 237 2262 ut
260 2224 368 2261 homo
392 2237 513 2259 errans
537 2227 592 2259 vet
616 2226 746 2259 faciens
778 2233 899 2259 contra
930 2226 1058 2259 sunda-

67 2285 247 2317 mentum,
281 2278 325 2312 sit
350 2289 430 2311 reus
453 2283 613 2310 aeternae
635 2277 771 2311 mortis.
832 2273 982 2311 lohann.
1007 2278 1057 2311 S.:

70 2331 127 2365 Ira
146 2329 211 2364 Dei
229 2335 344 2363 manet
363 2339 468 2372 super
485 2339 577 2362 eum.

175 2380 243 2415 Sed
263 2392 324 2414 cur
340 2378 479 2425 inquit?
517 2375 563 2411 Et
586 2377 646 2411 illa
670 2389 742 2411 non
761 2377 932 2411 omittere.
984 2376 1058 2412 Re-

72 2433 245 2476 spondeo:
280 2429 442 2464 Christus
462 2429 622 2474 loquitur
646 2429 688 2461 de
712 2427 938 2467 ceremoniis,
973 2440 1058 2473 quas

72 2481 168 2517 Deus
191 2482 408 2521 instituerat,
443 2480 524 2525 quia
549 2479 702 2512 decimas
724 2480 826 2519 dare,
852 2479 1056 2513 mandatum

73 2532 140 2568 Dei
157 2540 247 2573 erat,
274 2545 337 2577 pro
355 2531 608 2566 sustentatione
624 2529 839 2564 Levitarum.

175 2582 257 2617 Dixi
278 2590 393 2617 autem
407 2608 416 2621 ,
437 2580 686 2615 discernendas
711 2592 783 2614 esse
809 2580 1022 2614 ceremonias
1039 2593 1057 2615 a

73 2633 148 2668 Deo
166 2635 309 2668 traditas
326 2640 359 2667 et
381 2633 425 2666 ab
450 2629 658 2666 hominibus
682 2631 871 2666 institutas.
923 2630 1058 2666 Huma-

75 2697 141 2718 nae
154 2696 295 2728 prorsus
312 2683 428 2717 omitti
448 2689 605 2728 possunt.

130 2737 307 2769 Maium.
327 2737 430 2768 Orza.
459 2733 544 2769 Vor..
564 2735 655 2767 XIV.

485 112 877 152 ANNOTATIONES
903 113 971 152 ET
997 115 1278 155 CONCIONES
1305 119 1355 156 IN
1381 119 1562 161 EVANG.
1591 123 1870 165 MATTHAEt.

2039 133 2114 170 978

1169 201 1294 239 Duces
1319 206 1425 290 ῑοεεὶ,
1460 207 1620 244 colantes
1646 209 1810 256 culicem,
1845 219 1876 248 el
1900 213 2111 254 decorantes

1221 266 1319 290 came
1339 270 1410 293 um.

1222 321 1341 368 Pingit
1356 323 1421 360 hac
1443 326 1551 371 figura
1575 326 1792 376 hypocrita,
1819 334 1880 379 qui
1903 347 2028 380 magna
2045 350 2108 373 ne-

1118 371 1272 417 gligunt,
1299 381 1332 409 et
1360 376 1397 409 in
1420 378 1538 422 parvis
1559 387 1619 414 aut
1641 379 1746 415 nihili
1769 385 1874 418 rebus
1896 395 1978 421 sunt
1998 390 2106 427 anxii,

1117 431 1156 459 ut
1171 431 1271 459 antea
1287 426 1359 459 dixi
1376 428 1419 460 de
1437 427 1699 472 Sacerdotibus,
1726 434 1786 477 qui
1803 436 1913 478 pluris
1930 438 2106 474 faciebant

1117 475 1343 532 omissionem
1359 478 1465 534 unius
1481 481 1644 514 vocabuli
1660 482 1862 529 inCanone,
1879 499 1982 532 quam
2001 490 2105 523 adul-

1118 532 1255 561 terium.

1216 577 1270 611 Ac
1286 577 1375 611 bene
1391 579 1687 616 considerandum
1704 590 1753 617 est
1771 582 1838 619 hoc
1854 587 1986 621 dictum
1996 587 2103 623 Chri-

1115 626 1179 665 sti,
1207 628 1288 673 quia
1305 628 1342 661 in
1359 635 1430 662 tota
1449 630 1519 664 vita
1538 644 1662 675 magna
1684 635 1852 677 sapientia
1876 644 1944 678 est,
1970 639 2102 674 discer-

1115 689 1198 711 nere
1221 679 1413 712 necessaria
1439 687 1473 714 et
1497 693 1569 715 non
1594 686 1801 726 necessaria,
1836 688 2042 733 principalia
2068 698 2101 724 et

1116 739 1189 761 non
1212 729 1432 774 principalia.
1498 731 1540 765 ln
1568 734 1656 767 aulis
1682 736 1876 780 principale
1899 750 1971 772 esse
1994 741 2101 775 debe-

1116 778 1195 820 bat,
1228 780 1358 813 iudicia
1382 781 1570 825 diligenter
1593 796 1768 826 exercere,
1797 786 1984 830 prohibere
2006 791 2101 825 iniu-

1114 829 1196 864 rias.
1249 829 1343 864 Haec
1365 832 1484 865 minus
1507 841 1631 868 curant
1647 834 1846 880 Principe5‚
1874 852 1977 884 quam
1994 842 2102 884 adpa-

1114 886 1227 913 ratum
1246 882 1393 915 alicuius
1407 885 1606 927 spectaculi.
1650 884 1700 919 Ita
1717 898 1841 930 magna
1862 900 1902 922 ex
1923 897 2019 934 parte
2036 889 2101 924 ho-

1114 931 1228 964 mines
1244 932 1376 966 faciunt
1393 945 1557 978 parerga,
1586 942 1618 970 et
1639 936 1822 980 negligunt
1849 941 2041 975 necessaria
2069 949 2102 976 et

1115 981 1334 1026 principalia.

1169 1046 1249 1082 Vae
1283 1049 1382 1083 robis
1413 1048 1562 1085 Scribae
1594 1057 1624 1086 et
1647 1050 1853 1088 Pharisaei
1879 1052 2102 1104 hypocritae,

1214 1098 1500 1183 ⁹“{.”¹‘¹”d⁰¹i⁸
1537 1103 1747 1138 exteriorem
1779 1105 1999 1152 superficiem
2035 1123 2101 1158 po-

1217 1161 1258 1183 cu
1279 1163 1301 1185 1.

1215 1216 1313 1252 Sicut
1330 1230 1434 1262 supra
1452 1219 1580 1253 taxavit
1606 1222 1909 1267 superstitionem,
1937 1240 2025 1272 quae
2041 1241 2100 1263 or-

1113 1267 1232 1300 dinem
1250 1269 1425 1302 bonorum
1443 1281 1587 1313 operum
1607 1271 1762 1315 negligit,
1790 1276 1920 1310 omittit
1938 1280 2100 1319 maxima,

1113 1324 1146 1350 et
1165 1319 1300 1352 duriter
1317 1320 1468 1362 postulat
1492 1320 1641 1354 leviora:
1677 1323 1725 1355 ita
1747 1331 1780 1357 et
1804 1323 1859 1358 liic
1885 1333 1976 1362 taxat
2002 1330 2100 1363 simi-

1113 1368 1181 1399 lem
1224 1370 1536 1412 superstitionem,
1595 1383 1683 1415 quae
1722 1377 1914 1410 necessaria
1942 1386 1975 1413 et
2008 1380 2100 1413 inte-

1114 1418 1209 1451 riora
1237 1426 1270 1452 et
1294 1431 1310 1451 a
1329 1419 1403 1452 Deo
1427 1422 1591 1454 mandata
1616 1422 1779 1465 negligit,
1817 1433 1850 1459 et
1873 1428 2008 1462 curiose
2034 1432 2099 1463 ob-

1112 1475 1226 1503 servat
1242 1477 1404 1503 externos
1429 1470 1517 1504 ritus
1535 1483 1607 1504 non
1628 1475 1855 1516 necessarios,
1883 1479 1942 1523 qui
1960 1486 2095 1514 tanturn

1111 1527 1194 1553 sunt
1229 1522 1436 1554 traditiones
1469 1519 1654 1556 humanae.
1730 1523 1981 1564 Universaliter
2013 1532 2099 1565 tales

1111 1577 1194 1603 sunt
1217 1568 1439 1615 hypocritae,
1471 1572 1660 1607 observant
1677 1574 1765 1608 ritus
1783 1577 1920 1623 aliquos
1937 1587 2099 1615 externos

1111 1627 1256 1664 propter
1274 1622 1422 1664 speciem
1440 1629 1472 1655 et
1491 1623 1650 1663 titulum,
1684 1625 1750 1658 alia
1777 1639 1882 1670 opera
1905 1633 2097 1665 necessaria

1112 1672 1315 1712 negligunt,
1350 1679 1389 1703 ut
1411 1671 1580 1704 canonici
1611 1679 1643 1705 et
1673 1675 1803 1708 similes
1832 1679 2009 1715 abstinent
2041 1683 2098 1715 «lie

1111 1727 1204 1752 sexta
1227 1732 1244 1751 a
1272 1720 1454 1760 carnibus,
1490 1721 1622 1755 interea
1647 1730 1729 1758 sunt
1755 1726 1928 1771 adulteri,
1966 1730 2099 1776 Epicu-

1114 1769 1183 1807 rei,
1208 1776 1239 1802 et
1260 1770 1354 1813 pleni
1369 1771 1528 1804 omnium
1546 1773 1727 1810 scelerum.

1212 1820 1311 1854 Sicut
1332 1818 1389 1854 hic
1406 1822 1506 1860 dicit,
1535 1822 1651 1857 lavare
1674 1836 1732 1859 eos
1758 1829 1881 1870 pocula
1905 1831 2007 1873 foris,
2041 1833 2098 1866 in-

1110 1877 1202 1904 terea
1229 1870 1322 1915 ipsos
1349 1871 1444 1905 intus
1473 1871 1594 1916 plenos
1619 1886 1691 1908 esse
1721 1879 1863 1921 rapinae
1887 1888 1920 1915 et
1943 1882 2097 1918 inconti-

1110 1921 1259 1955 nentiae.
1327 1921 1499 1956 Nominat
1531 1924 1601 1957 duo
1634 1927 1817 1963 manifesta
1852 1931 1955 1973 vitia,
2006 1946 2095 1979 quae

1109 1972 1260 2006 maxime
1277 1973 1453 2007 cernimus
1470 1973 1507 2006 in
1526 1974 1709 2019 Episcopis
1729 1986 1761 2012 et
1776 1978 1975 2017 Canonicis.
2031 1983 2095 2019 illa

1109 2023 1222 2063 bona,
1249 2035 1338 2068 quae
1361 2036 1455 2057 nunc
1481 2026 1659 2068 possident
1677 2027 1842 2075 Episcopi
1861 2039 1894 2066 et
1911 2032 2094 2074 canonici,

1108 2080 1190 2107 sunt
1208 2073 1310 2107 initio
1327 2075 1405 2108 data
1423 2086 1486 2118 pro
1513 2077 1726 2119 ministerio,
1754 2082 1897 2123 studiis,
1924 2091 1956 2117 et
1975 2084 2094 2130 hospi-

1109 2124 1248 2159 talibus.
1302 2124 1405 2159 Nunc
1421 2125 1584 2171 Episcopi
1609 2130 1769 2175 rapiunt,
1799 2139 1830 2164 et
1850 2134 1996 2177 turpiter
2011 2148 2093 2179 pro-

1108 2175 1281 2216 fundunt,
1308 2182 1342 2209 et
1357 2173 1448 2209 nihil
1468 2177 1515 2210 eis
1531 2179 1613 2211 satis
1631 2186 1697 2220 est,
1726 2187 1759 2215 et
1777 2181 1921 2228 insuper
1937 2186 2092 2230 expilant

1108 2226 1290 2271 populum.

1209 2275 1253 2310 Et
1281 2275 1483 2311 Canonicus
1513 2290 1603 2311 unus
1634 2280 1849 2326 plerunquae
1876 2280 1981 2319 habet
2012 2293 2092 2329 tres,

1108 2334 1259 2372 quatuor
1275 2335 1308 2362 et
1327 2328 1445 2371 plures
1462 2328 1681 2363 praelaturas
1694 2357 1702 2371 ,
1729 2338 1760 2365 et
1778 2330 1861 2366 haec
1875 2342 1957 2369 sunt
1973 2345 2090 2382 erepta

1109 2378 1290 2412 Pastorum
1309 2379 1452 2418 officiis,
1479 2379 1566 2412 sicut
1587 2381 1657 2413 scio
1676 2381 1824 2424 plurima
1840 2384 1932 2426 loca,
1959 2387 2091 2422 ubire-

1107 2429 1202 2462 ditus
1227 2429 1406 2463 constituti
1423 2428 1647 2471 Pastoribus,
1674 2440 1756 2466 sunt
1777 2435 1936 2468 translati
1958 2438 2000 2469 ad
2023 2437 2091 2472 Ca-

1108 2480 1304 2513 nonicatus.
1364 2478 1408 2512 Et
1432 2480 1505 2523 ipse
1528 2479 1620 2524 Papa
1644 2490 1692 2516 est
1716 2484 1937 2527 turpissimus
1961 2489 2090 2531 praedo

1109 2537 1138 2563 et
1157 2537 1288 2575 raptor,
1314 2530 1430 2573 rapuit
1447 2531 1483 2562 in
1503 2530 1600 2564 ltalia
1618 2533 1745 2566 multas
1762 2535 1876 2570 urbes.
1929 2536 2014 2571 Item
2035 2552 2090 2573 ra-

1109 2581 1183 2625 puit
1208 2581 1368 2625 pecunias
1396 2592 1435 2613 ex
1450 2580 1719 2625 Episcopatibus
1736 2583 1975 2628 Germanicis,
2004 2588 2092 2623 Gat-

1109 2632 1203 2673 licis,
1231 2630 1441 2674 Hispanicis.
1492 2631 1578 2665 Item
1607 2641 1698 2667 totus
1724 2642 1886 2679 quaestus
1901 2637 2090 2674 Missarum

1109 2689 1158 2717 est
1183 2683 1316 2728 rapina.
1377 2681 1448 2715 Nec
1470 2694 1558 2727 opus
1586 2690 1636 2718 est
1657 2685 1762 2729 longa
1790 2687 2024 2723 declaratione
2048 2693 2092 2726 de

1537 2733 1585 2769 62
