2409 2915
127 89 200 126 325
655 87 735 123 ΧΠ.

789 85 1181 123 ANNOTATtONEs
1222 88 1268 122 IN
1303 89 1599 127 EVANGEMA.

2065 95 2138 130 326

223 173 299 208 Hae
314 174 506 209 sententiae
521 179 700 217 utrunque
716 173 853 212 docent,
875 179 906 206 et
921 175 1016 217 quod
1029 173 1104 207 sine
1127 178 1130 205 'r
1155 173 1296 206 interim
1323 176 1421 219 impii
1447 188 1525 209 cum
1549 189 1607 210 sua
1635 179 1807 221 potentia,
1835 179 1906 212 suis
1927 181 2054 223 opibus
2079 192 2138 224 pe—

118 226 187 259 fide
203 237 243 258 ac
259 225 482 259 invocatione
497 223 608 256 nostri
627 223 764 256 labores
783 223 853 257 sint
872 223 1044 263 infelices,
1072 231 1105 258 et

119 275 256 310 etiamsi
278 276 316 308 in
337 281 454 309 nostra
471 273 654 307 vocatione
670 274 778 307 multa
797 274 962 307 accidunt
980 276 1104 308 adver-

119 338 174 367 sa,
202 333 318 360 tamen
341 325 477 358 animos
500 318 700 357 excitandos
724 336 796 357 esse
815 325 941 357 fiducia
959 323 1103 364 Christi,

119 383 154 410 et
175 377 354 410 sciendum
377 376 491 419 ipsum
518 374 620 408 nobis
643 374 846 408 adfuturum
874 387 964 416 esse,
992 383 1024 410 et
1041 377 1102 409 da-

118 434 255 468 turum,
282 437 325 459 ne
341 426 442 458 labor
456 431 576 458 noster
591 425 635 459 sit
651 425 771 459 irritus
784 453 792 466 ‚
821 433 852 459 et
870 426 943 459 sine
960 427 1086 462 fructu.

218 492 319 527 Alter
340 493 437 526 locus
462 499 511 526 est
529 493 571 525 de
589 493 747 526 doctrina
765 494 938 537 spirituali
951 521 959 533 ‚
985 495 1020 527 id
1039 501 1100 535 est,

116 545 160 577 de
183 543 390 577 remissione
413 550 646 587 peccatorum.
688 543 776 577 Nam
800 545 886 577 illud
908 546 1004 588 prius
1024 557 1099 578 cor-

115 594 235 638 porale
263 594 490 634 beneficium,
525 606 619 627 nunc
644 593 748 627 Petro
775 595 811 628 fit
835 603 1100 630 sacramentum.

114 643 283 688 Intelligit
293 644 463 678 divinitus
472 645 537 677 sibi
549 645 733 687 contigisse
752 643 817 678 hoe
832 646 1052 686 heneficium,
1069 653 1101 680 et

114 693 209 729 hunc
227 695 409 728 dominnm
428 707 499 728 esse
516 695 659 728 missum
678 708 695 728 a
714 695 808 733 Deo,
829 694 1015 730 habentem
1036 709 1093 739 po-

114 746 261 779 tentiam
277 746 433 779 divinam
445 771 453 784 ‚
473 747 621 785 iustum,
636 746 768 779 bonum
786 753 848 782 etc.
891 746 985 780 Ilaec
1001 748 1099 790 agni-

113 797 162 830 tio
180 797 269 840 parit
288 797 325 829 in
343 808 383 829 eo
401 809 512 830 novos
528 803 655 837 motus,
684 797 836 840 primum
854 799 1004 831 traducit
1020 810 1097 830 eum
1123 821 1124 834 t

113 848 154 880 ad
180 848 395 890 agnitionem
422 848 494 885 sui,
529 848 622 879 videt
648 859 683 880 se
707 859 778 880 esse
803 856 1016 891 peccatorem
1044 848 1095 880 in-

112 898 258 941 dignum
281 905 378 931 tanto
397 898 580 931 beneficio:
610 910 681 930 non
702 898 794 930 enim
817 899 851 931 fit
870 900 1023 932 ‹teu-rior
1038 906 1096 931 aut

111 949 267 981 securior
289 955 328 982 ut
352 948 482 993 alioqui
502 960 677 981 successus
695 949 846 982 reddunt
864 947 1024 981 homines
1042 950 1096 981 in-
1122 977 1123 983 ,

112 999 331 1037 solenfiores,
360 1000 417 1031 sed
436 999 549 1032 existit
568 1000 602 1031 in
620 1000 693 1031 eius
709 999 826 1031 animo
846 1000 996 1041 primum
1012 1011 1094 1032 con-
1120 1017 1122 1037 t

111 1050 213 1090 trito,
238 1049 273 1082 id
301 1056 368 1090 est,
396 1056 510 1082 terror
535 1061 574 1081 ex
595 1057 783 1092 conspectu
804 1061 883 1082 suae
903 1050 1094 1092 indignita—

111 1101 173 1138 tis,
202 1107 236 1134 et
258 1111 360 1133 sensu
386 1100 507 1132 iudicii
526 1098 590 1132 Dei
615 1111 673 1132 seu
700 1101 769 1132 irae
794 1102 959 1133 adversus
977 1112 1094 1143 pecca·
1119 1129 1121 1142 ,

111 1158 206 1190 tum,
234 1162 252 1183 a
277 1163 346 1195 quo
373 1162 444 1183 non
464 1158 574 1193 posset
593 1150 756 1191 liberari,
786 1151 853 1183 nisi
874 1158 1094 1184 revocaretur
1118 1167 1121 1202 ί

110 1213 194 1234 voce
216 1198 365 1243 Christi,
400 1201 459 1245 qui
495 1201 591 1234 iubet
623 1213 700 1233 eum
735 1201 930 1239 confidere,
964 1202 996 1233 id
1034 1210 1093 1239 est,

109 1258 260 1284 statuere
283 1252 375 1295 quod
403 1251 591 1293 recipiatur
613 1264 629 1281 a
647 1250 743 1289 Deo,
771 1257 803 1282 et
829 1249 951 1282 habeat
971 1253 1093 1284 remis-

108 1302 241 1334 sionem
274 1307 514 1344 peccatorum,
551 1307 585 1332 et
617 1300 714 1333 addit
746 1306 910 1344 tanquam
944 1301 1093 1341 signum,

107 1364 178 1395 quo
195 1358 338 1384 testetur
355 1362 390 1383 se
410 1362 488 1382 vere
505 1351 603 1383 illum
623 1351 776 1394 recipere
797 1358 954 1383 vocatum
977 1353 1016 1383 ad
1036 1364 1091 1384 so-

108 1403 265 1435 cietatem
286 1401 472 1434 ministerii
492 1399 684 1443 Evangelii.
1117 1398 1119 1407 '

209 1467 260 1502 Ita
279 1467 402 1501 Petrus
423 1468 566 1501 territus
587 1467 828 1511 magnitudine
854 1469 1032 1508 beneficii,
1060 1476 1091 1502 et
1117 1485 1118 1492 ¹

106 1520 265 1554 iudicans
287 1531 322 1552 se
345 1519 530 1562 indignum
553 1529 626 1551 esse
649 1519 841 1562 praesentia
863 1519 1030 1557 Domini,
1060 1527 1092 1552 et

106 1580 175 1605 tam
207 1570 378 1602 immenso
411 1576 442 1602 et
470 1569 654 1612 repentino
679 1570 793 1609 bono,
830 1571 922 1614 quod
951 1570 1091 1603 videbat

107 1622 172 1654 sibi
193 1632 264 1654 non
283 1632 321 1653 ex
339 1620 459 1652 labore
475 1631 556 1657 suo,
581 1621 640 1652 sed
657 1619 802 1652 Domini
822 1620 988 1652 beneficio
1006 1633 1091 1653 con-
1116 1620 1118 1650 t

107 1673 244 1714 tigisse‚
271 1671 429 1713 exemplo
455 1677 521 1709 est,
549 1682 617 1713 quo
645 1673 792 1713 quisque
815 1672 920 1702 niodo
945 1671 987 1703 sit
1007 1671 1091 1702 affe—

106 1731 199 1762 ctus,
226 1722 328 1754 etiam
347 1733 424 1753 cum
443 1720 620 1764 experitur
635 1719 746 1752 Deum
766 1732 835 1751 non
855 1720 980 1752 iratum
995 1746 1003 1761 ‚
1031 1722 1088 1752 sed

105 1772 367 1806 misericordem
385 1781 465 1802 esse.
519 1769 607 1802 Nam
630 1781 726 1801 mens
745 1767 896 1802 humana
912 1771 985 1803 sive
1004 1771 1089 1803 iram

106 1822 170 1857 Dei
188 1823 321 1860 metuit,
346 1821 417 1853 sive
433 1820 707 1853 misericordiam
721 1821 825 1858 videt,
849 1827 964 1853 tamen
978 1834 1090 1866 quan—

107 1883 180 1908 tuni
204 1874 241 1906 in
267 1873 339 1917 ipsa
358 1878 427 1911 cst,
456 1878 633 1915 utrunque
655 1870 794 1910 refugit.
849 1870 975 1904 Haeret
997 1874 1089 1904 enim

110 1927 143 1958 in
169 1923 327 1957 omnium
353 1922 479 1955 animis
507 1919 590 1954 haec
615 1921 794 1963 cogitatio,
823 1923 915 1965 quod
944 1935 1089 1965 poenam
1115 1919 1117 1923 ¹

109 1975 222 2008 meriti
253 1975 379 2011 simus,
416 1972 654 2005 misericordia
687 1984 768 2004 vero
801 1973 936 2013 indigni
972 1974 1091 2011 simus,

109 2026 176 2059 Hic
200 2036 337 2058 necesse
362 2031 410 2057 est
433 2035 496 2055 nos
520 2023 608 2055 sicut
635 2022 796 2061 Petrum,
825 2025 979 2055 revocari
1008 2036 1090 2056 voce
1115 2048 1116 2066 ἦ

109 2075 258 2109 Christi:
286 2074 337 2108 Ne
360 2081 511 2113 metuas,
539 2075 634 2118 quasi
659 2074 767 2111 dicat,
796 2073 877 2107 Ideo
905 2075 1037 2119 quintu
1057 2087 1090 2106 es
1115 2071 1117 2104 k

110 2132 287 2170 peccator,
317 2131 349 2157 et
376 2124 517 2157 terreris
544 2132 601 2157 tua
627 2124 856 2166 indignitate,
894 2126 972 2157 volo
999 2132 1030 2157 te
1055 2125 1091 2157 in
1115 2146 1117 2168 t

110 2191 183 2210 int-a
204 2175 440 2208 misericordia
470 2181 501 2206 et
526 2175 680 2208 bonitate
697 2186 792 2218 spem
812 2174 957 2213 habere,
986 2183 1017 2208 et
1036 2187 1091 2208 ac-

109 2229 297 2273 quiescere.
350 2225 496 2259 Confide
521 2225 645 2267 igitur,
673 2232 702 2257 et
728 2238 799 2258 non
819 2233 950 2258 tantuin
974 2226 1009 2258 in
1028 2223 1090 2258 hac
1115 2224 1117 2237 ³

110 2291 146 2312 re
170 2289 284 2310 meum
304 2275 511 2310 beneficium
536 2276 680 2315 senties⁷
708 2278 764 2307 sed
791 2276 911 2308 faciam
932 2286 962 2309 te
982 2277 1091 2320 pisca-
1115 2286 1117 2305 ἵ

109 2338 218 2362 torem
246 2325 452 2366 hominum,
488 2324 552 2359 hoc
574 2334 641 2366 est,
679 2325 888 2369 Apostolum
913 2334 944 2359 et
971 2330 1091 2361 docto-
1116 2360 1117 2363 ,

110 2393 181 2413 rein
211 2380 247 2412 in
272 2390 378 2421 regno
403 2389 498 2417 me0,
527 2378 628 2419 longe
647 2377 771 2417 alium,
800 2389 903 2421 quam
924 2375 1092 2410 hactenus

109 2432 204 2464 fuere
221 2431 380 2463 doctores
398 2429 432 2461 in
455 2428 582 2472 populo
602 2427 679 2461 Dei.
1116 2426 1118 2459 ἓ

211 2496 388 2539 Allegoria
427 2495 608 2540 utriusque
649 2495 713 2528 loci
757 2495 948 2539 plurimum
988 2493 1092 2528 habet
1116 2497 1117 2500 ’

112 2547 289 2581 suavitatis
313 2548 354 2578 de
374 2544 537 2579 Ecclesia.
580 2545 674 2578 Ilaec
691 2558 767 2577 cum
788 2553 927 2590 quaerat
949 2558 1090 2587 regnum
1117 2579 1118 2583 ,

113 2598 198 2637 Dei,
233 2598 365 2631 etiamsi
393 2604 466 2638 eget
492 2597 528 2628 in
556 2597 709 2635 mundo,
738 2604 852 2629 tamen
878 2603 1091 2629 sustentatur

115 2649 150 2681 in
175 2648 296 2682 mediis
314 2647 583 2684 afflictionibus,
611 2648 783 2691 duratque
802 2655 987 2692 perpetuo,
1013 2660 1090 2681 cuin

1154 231 1263 259 reant.
1305 224 1406 258 Alter
1428 226 1525 259 locus
1550 229 1591 259 ad
1621 226 1709 261 hanc
1734 230 1934 272 allegoriam
1956 232 2135 265 transferri

1154 281 1283 319 potest,
1317 277 1410 320 quod
1444 277 1678 310 ministerium
1707 277 1888 322 Evangelii
1920 282 1963 315 sit
1990 282 2134 325 piscatio

1153 337 1223 358 non
1249 326 1382 365 ociosa,
1418 328 1476 359 sed
1503 328 1615 370 magni
1649 329 1780 362 laboris
1807 338 1840 364 et
1867 332 1998 365 multae
2024 333 2135 366 mote-

1151 376 1247 409 stiae.
1300 377 1415 419 Quam
1436 389 1517 410 vero
1536 378 1741 419 frugiferum
1762 380 1805 412 sit
1821 382 2074 422 ministerium,
2103 390 2133 415 et

1152 439 1255 471 quam
1281 428 1342 460 diu
1363 429 1553 461 duraturus
1575 429 1674 462 labor
1691 430 1900 470 ministerii,
1927 444 1997 464 non
2018 433 2134 466 cerni-

1152 484 1219 512 tur.
1287 477 1384 511 Sicut
1411 479 1502 510 enim
1530 480 1638 522 pisces
1664 480 1698 512 in
1726 481 1789 512 reti
1812 481 1877 513 sul)
1901 493 1989 525 aqua
2014 484 2133 520 latent,

1152 528 1198 561 ita
1215 526 1369 560 Ecclesia
1394 529 1430 560 in
1453 526 1516 561 hac
1540 530 1609 564 vita
1633 531 1715 563 latet
1731 531 1855 564 obruta
1872 532 2132 571 afflictionibus,

1151 585 1184 611 et
1209 578 1411 612 infirmitate
1437 580 1551 613 omnis
1567 581 1711 621 generis.
1767 582 1822 614 Ad
1840 589 2031 615 extremum
2050 595 2132 615 vero

1153 635 1333 673 postquam
1359 637 1431 662 rete
1453 641 1491 661 ex
1516 642 1603 675 aqua
1627 639 1816 665 extractum
1833 632 1957 673 suerit,
1985 646 2132 677 appare-

1152 680 1203 712 bit
1224 680 1358 712 sructus
1379 680 1523 712 uberior
1543 682 1701 714 omnium
1724 683 1912 726 opinione,
1946 690 1985 717 nt
2010 684 2131 726 iugens

1151 730 1194 763 sit
1218 730 1377 763 omnium
1402 731 1519 763 futura
1544 732 1742 765 admiratio.
1808 732 2023 776 Proponitur
2050 735 2130 768 item

1149 781 1341 814 consolatio
1373 782 1540 813 adversus
1573 783 1794 822 scandalum,
1828 784 1920 827 quod
1946 785 2046 817 multi
2070 786 2131 817 ‹le—

1123 839 1124 858 t
1150 831 1270 864 ficiunt
1302 832 1345 863 ab
1370 830 1585 874 Evangelio,
1620 839 1652 865 et
1685 833 1893 866 relabuntur
1915 835 1958 866 ad
1983 846 2129 869 errores.

1122 894 1124 901 s
1150 881 1236 914 Nam
1264 882 1324 914 etsi
1351 882 1478 926 aliqui,
1514 889 1551 915 ut
1576 883 1685 926 pisces
1708 890 1810 926 rupto
1836 884 1918 923 reti,
1954 885 2130 925 excidunt,

1148 938 1264 964 tamen
1291 933 1326 964 in
1351 932 1495 976 reliquis
1518 933 1636 965 efficax
1663 940 1711 965 est
1739 934 1993 973 ministerium,
2029 936 2129 968 multi

1148 989 1331 1015 servantur
1357 989 1390 1015 et
1416 991 1559 1016 manent
1576 983 1612 1015 in
1630 984 1790 1016 societate
1809 985 2046 1018 membrorum
2063 985 2130 1018 Ec-

1120 1041 1121 1055 ³
1147 1033 1268 1065 clesiae
1288 1040 1319 1065 et
1337 1033 1558 1066 confessione
1574 1046 1681 1077 purae
1697 1034 1876 1067 doctrinae
1894 1033 2089 1078 Evangelii.

1280 1165 1496 1206 Dominica
1526 1167 1602 1206 VI.
1634 1170 1727 1219 post
1759 1167 1993 1208 Trinitatis.

1395 1247 1626 1291 Evangelium
1651 1247 1821 1282 Matthaei
1842 1248 1876 1284 5.

1195 1317 1287 1354 Nisi
1313 1318 1556 1353 ahundmerlt
1588 1321 1733 1354 iusticia
1767 1327 1881 1354 vestra
1903 1322 1989 1368 plus
2017 1337 2127 1370 quam

1246 1368 1461 1404 Scribarum
1487 1375 1516 1404 el
1537 1368 1825 1404 Pharisaeorum
1850 1384 1921 1405 non
1940 1373 2128 1407 intrabitis

1247 1420 1284 1453 in
1303 1432 1450 1466 regnum
1470 1420 1658 1457 coelorum.

1196 1478 1365 1515 Audistis
1390 1480 1477 1528 quia
1503 1479 1637 1515 dictum
1662 1487 1711 1514 est
1729 1482 1911 1530 (ιηίίιμιίςε
1938 1486 2021 1518 IVon
2038 1485 2127 1518 occi<

1246 1529 1324 1571 des,
1352 1531 1418 1578 (sui
1437 1536 1556 1565 (mla-m
1583 1530 1767 1573 occiderit,
1797 1546 1876 1566 reus
1897 1534 1962 1567 eril
1982 1533 2126 1569 iudicio.

1245 1580 1331 1627 Ego
1347 1588 1466 1615 aulem
1485 1580 1564 1616 dico
1581 1583 1698 1616 tobis:
1726 1582 1827 1630 Quia
1847 1585 1965 1618 omnis
1976 1586 2127 1632 quiiru-

1245 1633 1358 1665 scitur
1384 1632 1509 1680 fratri
1528 1646 1613 1676 suo,
1650 1645 1728 1666 reus
1751 1634 1816 1666 eri!
1844 1633 1990 1670 iudicio.
2053 1634 2130 1682 Qui

1245 1687 1364 1715 aulem
1393 1681 1768 1730 dt‘.1·er1‘ljralrisuo,
1797 1681 1930 1723 racha,
1959 1697 2039 1718 reus
2062 1686 2126 1719 eri!

1247 1732 1411 1769 concilio,
1470 1732 1548 1779 Qui
1569 1739 1687 1767 aulem
1716 1732 1870 1773 dixerit,
1892 1736 2019 1783 salue,
2049 1749 2127 1771 reus

1246 1783 1310 1816 crit
1327 1781 1514 1829 gehennae
1533 1784 1641 1829 ignis.

1194 1839 1240 1875 Si
1264 1853 1347 1886 ergo
1370 1838 1479 1889 offers
1505 1854 1637 1875 munus
1661 1846 1762 1874 tuum
1780 1840 1833 1875 ad
1852 1842 1991 1882 altare,
2021 1849 2050 1877 el
2076 1844 2128 1877 ihi

1247 1889 1454 1925 recordatus
1476 1891 1600 1939 fueris
1634 1892 1721 1939 quia
1745 1892 1873 1939 sraler
1906 1899 1987 1927 tuus
2019 1892 2126 1928 hahet

1245 1940 1396 1988 aliquid
1411 1941 1473 1975 adt
1486 1956 1601 1976 ursum
1621 1948 1669 1981 le,
1699 1944 1860 1990 relinque
1877 1957 2008 1978 munus
2026 1951 2124 1978 tuum

1245 1999 1328 2025 ante
1366 1992 1504 2029 allate,
1549 1999 1577 2026 el
1615 1992 1703 2025 rude
1731 1995 1854 2038 prius,
1896 1995 2126 2030 reconciliare

1238 2042 1363 2091 srulri
1387 2048 1466 2081 luo,
1501 2049 1530 2077 el
1555 2050 1638 2078 lunc
1665 2045 1804 2078 §eniens
1832 2042 1967 2093 offeras
1994 2059 2125 2080 munus

1244 2099 1355 2128 tuum.

1194 2151 1289 2185 Esto
1314 2152 1536 2186 consentiens
1561 2152 1774 2186 adversario
1797 2158 1857 2186 luo
1875 2154 1960 2194 cilo,
1988 2152 2072 2187 (lum
2092 2168 2125 2188 as

1246 2205 1282 2236 in
1310 2203 1368 2236 iia
1393 2216 1469 2236 cum
1496 2216 1551 2243 ευ,
1582 2216 1623 2236 ne
1641 2206 1742 2250 sorte
1760 2202 1885 2237 [radul
1902 2209 1932 2237 le
1951 2203 2125 2239 adersa-

1245 2254 1322 2287 rius
1349 2253 1480 2293 iudici,
1508 2261 1536 2288 e!
1556 2253 1666 2287 iudea·
1685 2252 1810 2287 tradat
1828 2259 1858 2287 le
1877 2256 2066 2295 ministro,
2095 2263 2124 2289 el

1243 2306 1280 2338 in
1298 2318 1470 2339 carcerem
1489 2306 1659 2339 willaris.
1718 2304 1838 2337 Autem
1856 2304 1934 2339 diso
1953 2306 2029 2343 tihi,
2053 2321 2122 2340 num

1244 2357 1362 2390 arihis
1380 2355 1480 2395 inda,
1509 2355 1616 2389 (lones
1637 2353 1765 2388 raslrlas
1782 2368 1839 2388 no·
1853 2356 2016 2389 [ssimum
2034 2372 2123 2404 ‹sun-

1247 2406 1424 2442 dranlem.

1193 2472 1284 2509 Octo
1303 2484 1383 2509 sunt
1405 2474 1577 2518 praecipui
1600 2475 1675 2507 loci.

1298 2543 1323 2577 l.
1378 2543 1569 2576 Necessitas
1589 2543 1743 2574 iusticiae
1760 2555 1915 2586 operum.

1299 2594 1343 2629 ll.
1396 2594 1608 2636 Discrimeng
1629 2593 1781 2625 iusticiae
1814 2595 1926 2626 carnis
1955 2600 1985 2627 et
2023 2594 2126 2638 spiri-

1353 2646 1466 2678 tualis.

1442 2695 1519 2728 21*
