2409 2915
259 85 332 121 887

260 171 420 203 surorum
444 167 480 199 in
505 175 631 208 genere
653 160 821 196 humano.
875 159 974 194 Sicut
997 159 1082 193 olim
1105 165 1247 203 propter

263 221 385 253 salsam'
415 216 612 249 doctrinam
636 210 780 247 Ethnici
805 211 1041 244 adoraverunt
1064 210 1176 249 idola,
1214 215 1246 241 et

263 273 503 303 mactaverunt
532 263 712 305 homines,
747 269 780 296 et
810 262 922 295 multa
944 259 1132 294 horribilia
1156 260 1246 293 fece-

263 326 366 360 runt,
394 325 571 362 tamquam
589 322 702 349 essent
718 313 832 347 cultus
849 312 985 356 optimi.

366 376 422 410 Sic
448 375 540 408 inter
563 385 637 414 eos,
665 373 725 418 qui
749 372 916 405 dicuntur
933 368 1144 409 Christiani,
1171 369 1247 402 fue-

264 434 348 462 runt
371 433 405 460 et
430 432 530 466 sunt,
557 425 618 470 qui
642 425 880 457 adoraverunt
903 428 1034 455 statuas
1057 428 1090 454 et
1111 426 1248 454 sanctos

263 484 434 512 mortuos.
488 475 573 509 ltem
600 475 712 517 ignari
736 473 917 506 doctrinae
939 472 1020 505 fidei
1042 472 1191 505 ruebant
1212 470 1247 502 in

264 527 536 572 desperationes.
588 524 674 559 Item
692 523 796 557 multi
816 523 995 568 perierunt
1014 529 1155 567 propter
1170 532 1249 554 coe-

266 579 427 613 libatum.
480 577 567 610 ltem
590 575 692 609 multi
717 574 899 623 perierunt
916 580 1058 618 propter
1073 571 1201 605 Missas
1216 577 1250 604 et

266 630 352 664 alias
378 635 482 662 tetras
504 626 779 670 superstitiones.
830 623 881 658 Ita
905 636 1040 668 semper
1063 634 1168 667 prava
1185 622 1250 654 do-

267 681 379 714 ctrina
404 678 514 711 multa
538 678 666 710 damna
690 676 886 720 praesentia
911 682 944 709 et
969 681 1109 708 aeterna
1127 672 1250 706 adfert.

268 730 387 773 Quare
417 727 511 762 hanc
539 727 820 761 admonitionem
846 737 947 769 saepe
970 724 1151 768 repetitam
1178 734 1253 756 ma-

268 781 518 824 gnffaciamus,
542 786 573 812 et
590 778 700 811 simus
714 777 806 810 firmi
824 784 856 810 et
873 776 1078 820 vigilantes,
1104 786 1148 806 ne
1165 773 1254 806 reci-

268 831 413 876 piantur
443 836 503 863 aut
528 829 705 862 manifesti
729 839 881 867 errores,
915 833 972 859 aut
998 825 1130 858 semina
1156 836 1254 857 erro-

268 894 363 923 rum,
388 881 478 915 sicut
493 879 596 913 multi
612 885 784 912 conantur
799 888 920 910 rursus
936 876 1095 920 plantare
1109 886 1255 908 errores.

371 938 417 973 Et
436 938 645 972 nominatim
666 937 766 969 dicit:
793 934 921 969 Cavete
937 947 955 968 a
973 935 1168 974 fermento,
1193 933 1255 966 ubi

270 991 440 1034 significat
458 1001 599 1033 parvam
616 999 783 1024 massam,
812 998 900 1030 quae
916 993 1033 1019 tamen
1051 991 1166 1027 postea
1184 990 1255 1018 tra-

271 1040 324 1075 hit
348 1053 464 1074 secum
487 1039 618 1072 multos
641 1038 728 1070 alios
743 1048 889 1072 errores.
942 1035 991 1070 Ut
1006 1036 1042 1068 in
1060 1035 1157 1068 cultu
1173 1046 1255 1067 san-

271 1100 426 1131 ctorum,
453 1091 480 1123 si
497 1096 633 1122 tantum
649 1088 749 1122 initia
765 1099 886 1121 rursus
903 1087 1161 1131 reciperentur,
1188 1085 1254 1118 sic-

271 1149 309 1176 ut
342 1143 410 1175 iam
441 1141 654 1185 pinguntur,
695 1139 812 1173 statim
847 1144 1051 1183 sequeretur
1075 1143 1147 1170 tota
1173 1136 1256 1169 illo-

271 1205 350 1226 rum
367 1192 581 1226 idololatria.

374 1249 419 1285 Et
435 1251 500 1284 tria
518 1261 642 1293 genera
659 1249 791 1287 recitat,
819 1246 1100 1288 Pharisaeorum,
1119 1245 1260 1281 Saddu-

273 1314 435 1336 caeorum
452 1309 486 1336 et
502 1301 788 1334 Herodianorum
807 1299 987 1342 fermenta.

497 1404 564 1437 De
592 1402 834 1436 Ecclesiae
861 1401 1034 1445 specie.

374 1477 443 1510 Hic
460 1477 586 1510 iterum
604 1476 794 1515 discamus,
822 1473 935 1519 qualis
952 1474 995 1507 sit
1012 1484 1112 1516 saepe
1129 1471 1258 1516 species

273 1527 469 1568 Ecclesiae,
497 1534 529 1560 et
552 1539 640 1572 quae
660 1527 790 1560 interea
817 1525 861 1558 sit
885 1535 966 1556 vera
992 1521 1158 1557 Ecclesia.
1211 1520 1259 1556 Et

274 1580 447 1612 discamus
466 1589 632 1622 quaerere
651 1575 841 1610 Ecclesiam
854 1600 862 1614 ‚
890 1586 963 1607 non
982 1585 1021 1606 ex
1040 1573 1171 1612 titulis,
1197 1574 1255 1605 sed

274 1631 368 1663 iuxta
394 1629 538 1662 verbum
557 1626 635 1661 Dei.
689 1626 783 1660 llaec
805 1624 998 1659 consolatio
1022 1624 1122 1657 valde
1139 1635 1258 1657 neces-

273 1681 362 1714 saria
387 1688 454 1717 est,
483 1679 564 1723 quia
588 1685 725 1722 oportet
743 1689 807 1711 nos
823 1677 911 1710 scire
924 1703 933 1716 ,
959 1687 1004 1708 an
1022 1676 1129 1708 simus
1148 1686 1256 1707 mem-

273 1733 335 1764 bra
361 1742 462 1764 verae
477 1729 671 1769 Ecclesiae,
696 1737 728 1763 et
753 1739 892 1767 curare,
918 1733 957 1760 ut
980 1726 1018 1759 in
1040 1738 1119 1759 vera
1135 1723 1258 1758 Eccle-

274 1783 321 1815 sia
341 1781 455 1815 Deum
478 1783 702 1820 invocemus,
728 1779 815 1813 sicut
835 1778 1004 1822 scriptum
1023 1784 1072 1811 est
1088 1776 1258 1810 Proverb.

851 75 976 110 PHlL.
1003 73 1120 110 MEL.
1145 68 1354 109 SCRIPTA
1381 69 1679 108 EXEGETICA.

2208 74 2282 109 888

1298 156 1430 199 Papae,
1456 157 1518 203 qui
1535 157 1687 193 clamant
1701 169 1774 192 sese
1790 169 1861 192 esse
1877 156 2083 193 Ecclesiam.
2134 157 2180 194 Et
2195 171 2283 193 con-

1297 207 1453 242 solemur
1468 220 1532 243 nos
1550 209 1708 253 exemplo
1725 208 1934 244 Sanctorum
1948 236 1958 250 ,
1980 209 2043 254 qui
2059 209 2202 244 fuerunt
2217 210 2282 243 illo

1299 264 1476 315 ternpore,
1516 271 1595 293 cum
1630 267 1818 304 regnarent
1856 257 2038 294 Pharisaei
2077 266 2111 294 et
2143 259 2284 294 Saddu-

1299 320 1391 349 cae1‚
1416 315 1480 349 etc.

1355 373 1465 410 Venit
1488 379 1609 409 autem
1633 373 1739 410 Iesus
1765 377 1804 410 in
1825 381 1950 423 parles
1969 373 2174 412 Caesareae
2190 373 2286 410 Phi-

1398 423 1510 473 lippi,
1543 429 1573 459 el
1605 426 1857 473 interrogabat
1887 425 2089 473 discipulos
2111 439 2197 461 suos
2227 424 2285 460 di-

1404 487 1500 533 ceps:
1528 474 1643 523 Quem
1675 474 1799 511 dicunt
1828 475 1993 513 homines
2009 476 2141 523 filium
2165 475 2285 512 homi—

1405 539 1465 560 ms
1481 538 1554 561 esse
1572 531 1630 562 etc.

1733 619 1858 644 Locus.

1405 678 1595 714 Interfecto
1611 677 1792 721 Iohanne,
1817 677 1980 714 Christus
2004 680 2141 715 secessit
2166 681 2202 714 in
2225 682 2287 715 ‹te-

1302 737 1433 765 sertum
1462 730 1553 764 ultra
1587 729 1802 769 Galilaeam,
1845 741 1966 764 versus
1999 730 2186 772 Sidonem,
2225 732 2289 766 ubi

1304 789 1377 815 erat
1401 781 1489 814 ditio
1514 778 1690 825 Philippi,
1718 782 1779 826 qui
1803 781 1869 814 suit
1895 781 2002 816 frater
2020 780 2186 818 Herodis.
2219 781 2288 816 Hie

1305 830 1492 876 Philippus
1513 831 1767 865 instauraverat
1789 831 1960 875 oppidum
1985 831 2081 874 Dan,
2113 839 2147 867 et
2169 833 2288 866 nomi-

1306 883 1404 916 navit
1428 880 1642 917 Caesaream.

1306 933 1480 978 quaestio:
1517 931 1631 974 Quem
1657 945 1712 966 me
1737 933 1859 966 dicunt
1883 944 1955 967 esse
1978 930 2162 967 homines?
2214 934 2289 968 Atii

1278 1010 1280 1032 ,
1308 981 1503 1018 Iohannem
1517 981 1730 1027 Baptistam,
1755 984 1817 1017 alii
1834 981 1970 1025 Eliam,
1995 984 2056 1017 alii
2076 983 2270 1018 leremiam.

1408 1042 1476 1075 Hic
1503 1042 1657 1085 primum
1689 1043 1985 1076 considerandum
2016 1049 2087 1083 est,
2123 1044 2219 1077 unde
2245 1044 2290 1077 sit

1305 1091 1390 1128 haec
1406 1093 1617 1136 opinionum
1637 1093 1845 1126 diversitas?

1408 1149 1625 1194 Responsio:
1660 1150 1838 1184 Naturalis
1862 1151 1952 1184 ratio
1975 1150 2139 1195 intelligit
2162 1159 2290 1186 utcun-

1309 1213 1376 1246 que
1401 1201 1513 1244 legem
1529 1201 1606 1237 Dei.
1659 1200 1778 1244 Quare
1796 1209 1830 1234 et
1846 1201 1968 1234 missos
1986 1199 2180 1246 Prophetas
2196 1203 2291 1246 cogi-

1282 1251 1285 1316 ἰ
1309 1259 1358 1285 tat
1375 1264 1446 1285 esse
1463 1263 1607 1295 magnos
1625 1252 1740 1295 viros,
1764 1252 1888 1285 missos
1902 1253 1945 1285 ad
1963 1252 2072 1295 legem
2090 1253 2292 1287 instauran-

1309 1304 1402 1341 dam,
1427 1309 1460 1335 et
1476 1303 1519 1335 ad
1540 1303 1679 1345 politias
1695 1303 1957 1336 constituendas
1972 1309 2033 1336 aut
2047 1303 2292 1340 restituendas-

1410 1360 1509 1394 Sicut
1535 1359 1666 1393 Muises
1696 1362 1822 1394 missus
1851 1367 1901 1394 est
1931 1361 1974 1394 ad
1998 1361 2156 1404 politiam
2183 1360 2291 1396 lsra'e'l

1308 1411 1585 1446 instaurandam.
1637 1409 1774 1444 Deinde
1788 1408 1984 1455 Prophetae
1995 1411 2158 1453 Samuel,
2183 1410 2292 1454 Elias,

1307 1459 1487 1501 Elisaeus,
1523 1459 1665 1501 Esaias,
1701 1460 1863 1494 Ieremias
1896 1461 1992 1495 missi
2022 1469 2119 1503 sunt,
2151 1469 2191 1496 ut
2223 1464 2290 1496 ali-

1282 1509 1283 1521 *
1308 1512 1512 1556 quantisper
1536 1518 1649 1545 essent
1671 1512 1801 1551 fulcra,
1826 1511 1966 1554 luilffcn'e
1990 1511 2038 1545 cin
2062 1512 2198 1558 scitlang
2221 1514 2292 1557 bul:

1308 1567 1379 1604 ten,
1405 1563 1465 1597 mie
1487 1571 1564 1596 man
1590 1563 1638 1596 ein
1664 1563 1741 1607 1)0¹{}
1758 1562 1855 1605 stellet
1871 1572 1911 1597 an
1929 1562 1978 1597 ein
1996 1562 2066 1606 bose
2087 1566 2202 1606 mant),
2230 1566 2291 1600 bae

1281 1649 1283 1687 i
1307 1613 1346 1657 sie
1364 1613 1446 1657 nicht
1463 1612 1601 1657 einsutle.

1278 1699 1291 1793 l
1409 1671 1504 1705 Haec
1531 1679 1711 1716 utcunque
1742 1671 1991 1715 intelliguntur
2020 1683 2040 1706 a
2072 1673 2226 1714 ratione,
2259 1681 2292 1709 et

1307 1724 1410 1757 talem
1429 1723 1675 1756 existimabant
1691 1723 1811 1755 Iudaei
1830 1722 1905 1756 fore
1916 1722 2101 1764 Messiam,
2124 1735 2291 1768 magnum

1307 1775 1450 1819 quidem
1476 1771 1690 1817 I'rophetam
1716 1780 1747 1806 et
1767 1772 1919 1817 Regem,
1945 1775 2006 1812 sed
2030 1781 2166 1809 tantum
2192 1775 2291 1819 regni

273 1835 350 1868 26.:
377 1830 449 1865 Odi
469 1830 662 1865 Ecclesiam
679 1829 970 1874 malignantium,
998 1835 1031 1862 et
1047 1839 1125 1862 cum
1142 1827 1259 1871 impiis
1282 1839 1283 1844 ¹
1306 1825 1441 1870 politici
1459 1824 1745 1872 amplificatorem
1762 1831 1826 1857 etc.

274 1896 345 1917 non
364 1883 512 1921 sedebo,
539 1889 603 1917 etc.

377 1933 440 1966 list
469 1933 575 1975 igitur
607 1943 687 1965 vera
713 1929 886 1969 Ecclesia,
922 1939 1010 1973 quae
1043 1933 1134 1960 recte
1159 1929 1259 1961 docet

1280 1872 1283 1924 1
1407 1883 1483 1917 llos
1499 1895 1635 1916 errores
1651 1889 1742 1916 taxat
1754 1881 1929 1916 Dominus
1946 1880 2012 1916 hoc
2030 1883 2118 1918 loeo.

1281 1940 1283 1945 ⁴
1305 1942 1358 1969 cet
1375 1947 1438 1968 nos
1456 1935 1558 1977 longe
1574 1934 1678 1967 aliter
1694 1933 1823 1966 sentire
1838 1935 1881 1966 de
1901 1933 2041 1970 Messia.

275 1984 529 2027 Evangelium,
577 1989 610 2016 et
650 1988 740 2015 recte
777 1980 1000 2012 administrat
1033 1986 1259 2013 sacramenta.
1280 1982 1281 1985 ’

2169 1882 2211 1919 Et
2228 1884 2293 1917 do-

1408 1993 1457 2026 lli
1482 1992 1621 2026 articuli
1646 1999 1725 2025 sunt
1743 1992 1847 2035 longe
1862 2003 1966 2036 supra
1985 1999 2018 2026 et
2036 2000 2130 2027 extra
2149 1994 2292 2037 angelo-

275 2035 322 2070 Et
347 2048 417 2068 nou
445 2041 528 2067 suut
553 2033 707 2066 membra
734 2030 907 2064 Ecclesiae
934 2027 1050 2063 hostes
1073 2041 1173 2062 verae
1194 2030 1257 2062 do·
1279 2033 1281 2051 ¹
1307 2057 1384 2078 mm
1405 2051 1437 2078 et
1455 2041 1640 2077 hominnm
1659 2043 1853 2076 „muralem
1872 2044 2091 2087 sapipmiam'

275 2087 428 2125 ctrinae,
454 2085 526 2117 sive
549 2090 720 2118 vocentur
736 2080 923 2126 Episcopi,
951 2081 1023 2114 sive
1043 2079 1260 2120 Sacerdotes,
1279 2086 1282 2136 j

275 2138 348 2170 sive
364 2132 546 2170 Monachi.

276 2248 348 2274 tare
365 2239 401 2271 in
420 2249 499 2270 vera
516 2235 689 2274 Ecclesia,
716 2242 754 2268 ut
771 2234 937 2277 scriptum
955 2240 1000 2265 cst
1025 2230 1169 2265 lohauu.
1186 2230 1258 2265 14.;

277 2290 468 2322 Veniemus
484 2288 525 2320 acl
545 2299 640 2325 eum,
665 2293 693 2318 et
714 2285 932 2318 mansionem
950 2286 1041 2326 apud
1061 2296 1137 2315 eum
1157 2283 1259 2315 sacie-

276 2353 365 2375 mus.
418 2339 512 2379 Ergo
543 2338 712 2370 laeto-mur
741 2348 804 2369 nus
829 2347 899 2367 csse
926 2335 960 2367 iu
987 2346 1064 2366 vrrs·
1095 2331 1259 2370 Ecclesia,

276 2393 365 2426 sicut
391 2398 474 2424 tunc
498 2389 533 2421 in
557 2388 680 2420 luctae-a
706 2394 802 2420 erant
828 2398 905 2419 vera
932 2383 1104 2422 Ecclesia,
1135 2382 1281 2422 M.=ria,]

276 2439 420 2486 loseph.
454 2437 656 2477 Zacharias,
693 2437 883 2476 lohannes,
917 2438 1039 2476 Auum,
1070 2433 1261 2473 Elisabeth,

275 2501 309 2527 et
322 2492 421 2526 multi
436 2490 560 2524 horum
574 2490 762 2524 auditores».
805 2487 848 2522 Et
863 2495 977 2520 tamen
992 2488 1121 2519 interea
1137 2497 1258 2525 regna-

1412 2102 1436 2136 l.
1488 2101 1584 2135 Deus
1610 2102 1653 2135 ab
1679 2101 1780 2134 initio
1805 2109 1880 2144 post
1903 2101 2037 2145 lapsum
2057 2102 2162 2135 mittit
2181 2102 2292 2136 lilium

378 2185 424 2221 Et
447 2186 604 2219 adfirmat
621 2182 803 2221 Christus.
832 2183 925 2227 qnod
943 2180 1037 2215 Deus
1053 2181 1135 2214 velit
1157 2178 1258 2213 halii-
1279 2139 1281 2192 ⁴⁴
1307 2155 1350 2188 ad
1368 2152 1560 2188 Ecc¹e⁵¹³¹n
1574 2179 1582 2190 ’
1610 2165 1668 2197 qm
1689 2160 1736 2185 (Ἦ
1755 2161 1862 2199 ‘'⁴¹7⁰'‘
1880 2160 2011 2186 ³⁰¹⁰¹⁹¹¹¹
2031 2153 2148 2198 pau-5⁵*

1413 2212 1455 2247 11.

1511 2210 1552 2245 Et
1586 2209 1642 2245 hic
1672 2212 1763 2244 filius
1796 2213 1929 2256 profert
1956 2212 2226 2260 promissionem
2252 2224 2291 2246 ex

1279 2259 1281 2286 Α
1306 2265 1386 2299 sinu
1405 2264 1536 2297 aeterui
1560 2263 1682 2296 Patris.

1307 2375 1498 2409 credentes.

1413 2424 1493 2460 llll.
1549 2422 1731 2457 Peccatum
1768 2422 1958 2455 remittitur
1988 2429 2019 2456 et
2047 2422 2184 2457 tollitur
2209 2435 2293 2467 pro-

1308 2483 1384 2519 pter
1407 2473 1500 2509 hunc
1526 2475 1656 2516 filium,
1692 2485 1796 2518 quem
1825 2472 2025 2516 intelligunt
2047 2473 2291 2508 adsummi-um

1533 2322 1643 2356 Filius
1673 2321 1746 2366 ipse
1776 2318 1839 2354 hac
1875 2322 2106 2366 promissione
2140 2320 2293 2356 vivificat

276 2541 568 2583 bantt'harisaoi,
597 2540 811 2578 Sadducaei,
841 2538 997 2572 llormles
1013 2544 1047 2571 et
1065 2536 1122 2569 alii
1142 2537 1250 2578 impii.
1279 2535 1285 2575 ἰ
1308 2540 1379 2560 ‘'⁵⁵ss
1397 2524 1585 2559 ¹¹¹¹¹¹¹⁰¹¹³⁸m
1605 2531 1788 2564 ”inm-Tm,
1820 2530 1853 2557 Η
1871 2523 1945 2558 sure
1964 2523 2154 2558 Vltimum·

378 2593 477 2626 ll-»uc
502 2593 696 2626 (lucerinam
723 2598 754 2625 ct
773 2589 1050 2623 consulationem
1068 2594 1258 2626 teni-auius,

275 2657 320 2679 ne
352 2656 554 2678 moveamur
580 2642 690 2677 titulis
710 2649 742 2676 et
765 2641 922 2690 potentia
944 2638 1201 2685 Episcoporum
1227 2645 1257 2671 et

1413 2585 1455 2622 V.
1510 2584 1620 2618 Adam
1646 2591 1677 2617 et
1695 2582 1791 2616 lleva
1810 2583 1974 2618 vivificati
1992 2596 2031 2617 ex
2051 2589 2182 2621 morte.
2209 2595 2291 2619 sen-

1310 2636 1401 2671 tiunt
1421 2648 1455 2670 se
1474 2636 1590 2669 vivere
1607 2641 1748 2679 propter
1765 2631 1859 2668 hunc
1879 2642 2066 2670 venturum
2085 2632 2292 2678 Dominum,

1697 881 1737 915 ln
1758 894 1798 915 eo
1823 883 1960 916 deserto
1986 883 2198 927 proponitur
2223 884 2288 917 ista
2338 881 2345 885 ’
