2409 2915
322 82 396 119 559

715 155 926 186 Exemplum.

430 223 589 258 Primum
614 227 822 264 quaeramus
839 213 1074 257 Evangelium
1086 237 1095 250 ,
1124 217 1155 245 et
1172 210 1238 243 fide
1256 221 1312 242 ac-

327 278 512 322 cipiamus,
532 280 615 306 tunc
631 268 742 312 magis
758 266 997 300 defensionem
1012 275 1073 308 per
1083 261 1195 296 Deum
1209 272 1312 306 quam

327 340 390 373 per
407 325 595 362 exercitus,
621 319 841 354 babebimus.

429 383 531 417 Hanc
544 377 821 414 consolationem
835 384 971 417 semper
982 372 1187 405 deberemus
1199 373 1314 401 mente

329 434 566 472 circumferre.
618 427 730 463 Multi
754 426 854 459 valde
879 429 1057 467 anguntur
1078 423 1120 454 de
1138 421 1231 453 victu
1250 430 1313 451 suo

329 495 362 523 et
387 487 603 523 liberorum,
634 480 693 514 sed
717 476 800 511 hinc
824 475 992 509 deberent
1015 480 1130 518 petere
1156 468 1313 504 consola—

328 539 473 574 tionem.

431 594 477 629 Et
495 588 742 627 universaliter
757 586 793 619 in
809 584 906 619 omni
923 581 1176 628 gubernatione
1192 587 1315 614 tenen-

329 651 372 683 da
397 653 446 681 est
464 643 547 678 haec
572 640 702 684 regula.
752 636 914 671 Primum
936 634 1143 678 amplectere
1169 631 1314 664 verbum

328 699 413 738 Dei,
446 703 478 729 et
504 692 578 727 Deo
601 689 764 728 obedias,
793 693 912 731 postea
938 690 1082 718 eventus
1109 682 1314 716 commenda

329 751 415 786 Deo.
466 743 514 779 Et
532 755 604 777 non
623 741 748 784 cogitet
765 736 892 777 homo,
919 746 1041 769 omnes
1057 740 1202 767 eventus
1220 743 1317 775 posse

329 798 485 845 prospici
520 801 579 828 aut
610 792 685 835 regi
718 788 875 822 humano
908 785 1067 820 consilio.
1119 784 1202 817 Ideo
1233 782 1317 816 dicit

328 851 510 886 Psalmus:
537 842 754 879 Commenda
771 839 846 873 Deo
870 838 961 870 viam
986 843 1102 872 tuam,
1129 841 1161 867 et
1179 834 1251 877 ipse
1266 833 1316 866 fa·
1344 865 1346 876 ,

462 897 565 932 Item:
595 893 766 929 Subditus
783 897 854 923 esto
873 887 948 921 Deo
960 914 968 927 ,
991 893 1024 919 et
1040 897 1100 918 ora
1117 897 1208 919 eum.

433 957 502 993 Sed
520 964 685 997 maguum
702 950 833 982 malum
851 953 898 980 est
915 947 952 978 in
972 944 1195 983 bominibus,
1223 943 1315 988 quod

330 1012 458 1046 volunt
489 1005 607 1040 omnia
638 1000 837 1046 prospicere
872 1004 904 1030 et
928 1008 1045 1039 regere
1070 1007 1132 1027 suo
1160 994 1319 1034 consilio,

330 1061 472 1097 interim
489 1056 703 1099 negligentes
718 1051 865 1084 verbum
882 1047 956 1081 Dei.
1012 1045 1061 1080 lta
1079 1045 1242 1079 diabolus
1259 1045 1318 1077 de-

331 1112 429 1147 ducit
458 1107 622 1142 homines
649 1104 692 1136 ad
717 1100 810 1134 banc
833 1098 1061 1142 sapientiam,
1095 1096 1218 1130 omitte
1242 1107 1319 1128 ver-

329 1166 436 1202 bum,
464 1159 588 1193 omitte
612 1152 870 1190 ministerium,
898 1148 1042 1182 consule
1067 1148 1151 1187 tibi,
1179 1147 1320 1203 sisncer-

330 1223 387 1249 tus
410 1214 453 1246 de
476 1210 591 1249 victu,
618 1207 661 1240 de
685 1201 887 1250 praesidiiS‚
915 1211 988 1232 non
1008 1209 1160 1232 accersas
1177 1198 1243 1231 t1b1
1260 1209 1320 1242 pe-

330 1264 450 1300 ricula.

434 1319 503 1354 Sed
513 1315 677 1351 Christus
693 1323 758 1345 nos
771 1315 913 1344 revocat
930 1308 971 1341 ad
991 1307 1151 1346 verbum,
1177 1312 1210 1339 et
1226 1305 1321 1338 affir-

329 1379 402 1408 mat
425 1367 655 1415 principalem
673 1364 764 1397 vitae
779 1371 918 1395 causam
936 1370 1007 1391 esse
1026 1356 1158 1397 Deum,
1186 1356 1320 1413 etiamsi

331 1422 496 1469 pbvsicae
521 1427 644 1452 causae
664 1427 683 1448 a
710 1412 814 1446 nobis
831 1422 904 1443 non
921 1414 1121 1443 cernantur.
1173 1406 1271 1464 Sicut
1290 1413 1321 1439 et

332 1463 466 1510 Moises
482 1468 609 1503 babuit
628 1464 868 1499 defensionem
886 1461 962 1494 sine
977 1457 1131 1504 physicis
1149 1469 1274 1491 causis.

330 903 407 937 ciet.

578 1585 636 1618 De
663 1579 830 1616 secunda
855 1578 1081 1612 tentatione.

437 1651 598 1688 Secunda
636 1646 784 1681 tentatio
821 1645 935 1687 imago
973 1649 1022 1675 est
1052 1639 1322 1675 baereticorum,

333 1707 522 1750 Postquam
549 1701 641 1734 enim
670 1696 822 1730 Ecclesia
849 1694 1077 1738 aliquomodo
1102 1692 1250 1724 eluctata
1275 1701 1322 1725 est

334 1771 374 1793 ex
389 1753 631 1800 corporalibus
648 1747 812 1793 periculis
824 1771 832 1784 ‚
861 1744 1022 1778 diabolus
1040 1743 1107 1775 iam
1125 1741 1324 1785 spirituales

334 1805 595 1854 persecutiones
620 1799 756 1843 incipit.
825 1796 970 1838 Instigat
996 1794 1152 1837 aliquos,
1186 1800 1224 1826 ut
1248 1805 1322 1825 mo-

334 1865 440 1893 veant
469 1855 676 1899 opiniones,
719 1857 751 1882 et
783 1847 979 1888 excogitent
1011 1844 1124 1877 cultus
1156 1851 1189 1875 et
1224 1844 1323 1887 leges,

335 1911 410 1944 sine
439 1906 546 1939 verbo
571 1902 635 1936 Dei
662 1907 757 1933 extra
783 1897 944 1929 ordinem
967 1906 984 1927 a
1010 1894 1085 1928 Deo
1110 1895 1324 1930 institutum,

335 1966 472 1996 tantum
497 1956 778 1996 obtemperantes
802 1959 882 1981 suae
900 1945 1115 2001 curiositati,
1143 1951 1173 1977 rt
1193 1957 1252 1977 sua
1272 1946 1322 1977 in-

337 2011 427 2045 dicia
451 2011 652 2052 sequentes,
681 2000 894 2034 admirantes
916 2009 1014 2030 suam
1039 1996 1265 2039 sapientiam,
1294 2004 1322 2029 et

336 2062 403 2097 sibi
422 2060 504 2104 ipsis
524 2057 710 2101 placentes.

440 2118 490 2152 lta
514 2115 619 2149 sumit
642 2112 709 2146 sibi
730 2108 908 2144 Christum
936 2106 1184 2152 exagitandum
1202 2106 1324 2139 diabo-

468 2165 641 2210 Proponit
666 2163 695 2196 ei
723 2160 813 2194 banc
837 2158 1096 2201 cogitationem.
1160 2155 1326 2190 Pulcrum

339 2175 403 2207 lus.

339 2229 437 2259 esset,
466 2220 492 2252 si
511 2216 643 2261 aliquid
662 2213 743 2247 novi
760 2213 899 2249 faceres,
927 2210 1020 2253 qnod
1037 2208 1095 2240 alii
1115 2220 1185 2240 nou
1202 2209 1328 2245 srituit„

339 2273 499 2306 videlicet
526 2269 552 2301 si
581 2266 635 2300 bic
662 2266 696 2297 iu
719 2263 879 2296 omnium
899 2267 1084 2303 conspectu
1104 2259 1267 2292 volitares
1287 2261 1328 2291 de
1354 2265 1356 2303 J
1384 2284 1464 2316 pan.
1490 2279 1617 2304 terram
1642 2267 1831 2308 chanaan,
1870 2273 1929 2304 sed
1953 2271 2027 2304 siue
2054 2273 2252 2306 voemionet
2289 2271 2367 2306 Meo

1253 2309 1327 2343 lloc
1354 2313 1357 2320 “

341 2324 490 2367 templo,
526 2327 557 2352 et
592 2330 662 2350 nou
696 2314 924 2347 descenderes
956 2322 1016 2354 per
1051 2311 1188 2351 gradus.

921 68 1048 104 PHlL.
1073 65 1189 102 MEL.
1223 62 1433 101 SCRIPTA
1466 61 1766 99 EXEGETICA.

342 2387 464 2409 omnes
488 2367 693 2405 admiraturi
720 2372 829 2398 esseut
855 2370 884 2395 et
911 2361 1143 2406 praedicaturi
1164 2369 1327 2407 tanquam
1355 2364 1357 2407 J

1356 2408 1358 2421 l

340 2437 471 2460 novum
484 2451 491 2462 ,
518 2419 715 2453 inauditum
729 2442 736 2454 ,
766 2423 797 2449 et
815 2415 867 2447 dix
880 2414 976 2446 inum
996 2423 1094 2455 opus.

444 2483 512 2517 Nec
546 2481 667 2513 timeas
700 2475 914 2520 periculum,
950 2473 1030 2518 quia
1063 2471 1229 2514 scriptum
1264 2478 1329 2503 est:

345 2535 489 2579 Angelis
509 2533 578 2565 suis
596 2527 774 2562 mandavit
793 2527 834 2558 de
852 2533 900 2564 tc,
928 2532 990 2558 etc.

448 2595 487 2627 ln
510 2590 574 2624 bac
594 2587 805 2629 cogitatione
822 2585 882 2618 diu
902 2583 1054 2617 detinuit
1071 2579 1272 2618 Christum,
1301 2589 1331 2615 et

346 2647 479 2680 duriter
500 2655 577 2675 euin
597 2639 746 2672 xexavii.

1358 2572 1359 2575 Ἴ
1387 2534 1579 2567 vocatione.

1465 148 1534 184 Sed
1559 150 1699 183 tandem
1723 147 1833 182 vincit
1856 144 2032 189 Christus,
2064 154 2098 182 et
2121 150 2268 194 opponit
2292 164 2349 186 re-

1365 199 1481 243 gulam
1514 207 1637 233 contra
1670 211 1759 244 opus
1788 199 1991 242 irregulare.
2050 196 2099 232 Et
2123 199 2226 233 nobis
2248 202 2349 236 valde

1365 250 1452 283 utile
1478 251 1676 294 exemplum
1699 248 1757 284 hic
1775 249 1977 294 proposuit,
2002 254 2041 282 ut
2056 249 2230 283 discamus
2246 263 2349 295 regu-

1366 301 1416 333 las
1433 312 1636 333 communes
1652 307 1685 334 et
1701 301 1910 334 necessarias
1927 299 2094 333 omnibus
2110 306 2232 334 contra
2247 313 2352 345 opera

1367 350 1584 394 irregularia.
1637 349 1783 385 Gedeon
1806 351 1888 384 facit
1905 361 1993 394 opus
2010 350 2221 396 irregulare,
2245 351 2353 384 sacri-

1367 402 1443 435 ficat
1468 408 1502 435 et
1525 401 1679 435 instituit
1701 402 1833 435 cultum
1852 401 1888 434 in
1905 402 2010 434 domo
2026 412 2106 442 sua,
2133 401 2193 434 sed
2210 401 2354 435 debuis-

1367 458 1421 486 set
1446 452 1648 485 meminisse
1678 453 1829 495 regulae.
1895 451 2057 485 Habebat
2086 451 2178 485 enim
2205 452 2356 496 populus

1369 501 1478 536 Israe‘l
1503 503 1723 536 manifestam
1749 500 2045 546 prohibitionem,
2076 514 2122 536 ne
2141 502 2226 536 alibi
2249 502 2357 536 sacri-

1369 554 1533 598 ficarent,
1563 554 1630 587 nisi
1649 554 1691 587 ad
1708 553 1984 589 tabernaculum.

1471 611 1608 657 Regula
1636 619 1704 646 est:
1740 611 1821 645 Non
1849 612 2000 646 tentabis
2023 611 2218 646 Dominum
2242 611 2356 647 Deum

1370 668 1484 697 tuum.

1472 721 1570 765 Quid
1598 721 1787 764 significat,
1815 721 1968 755 Tentare
1985 719 2124 755 Deum?
2175 722 2232 765 3st
2256 726 2357 758 etmass

1370 772 1504 815 befferss,
1539 772 1683 817 fd>6net6
1708 772 1832 815 macheu
1856 772 1991 813 moneri,
2025 774 2106 808 bean
2128 774 2188 809 mie
2213 777 2247 809 εὗ
2271 772 2357 809 &ott

1371 826 1522 869 georbnet
1544 824 1620 867 bat,
1654 825 1718 858 unt>
1745 823 1846 867 folcbss
1871 823 2057 866 ffitnemen,
2090 825 2167 858 sine
2191 827 2357 859 mandato

1371 883 1405 910 et
1420 876 1528 908 verbo
1544 873 1629 916 Dei,
1658 876 1733 908 sine
1748 876 1942 910 vocatione.

1836 982 1903 1014 Vel.

1475 1042 1629 1077 Tentare
1646 1042 1758 1077 Deum
1781 1051 1960 1087 peccatum
1979 1050 2029 1078 est
2044 1056 2117 1077 non
2135 1044 2243 1079 solius
2262 1045 2360 1078 infir-

1374 1093 1524 1133 mitatis,
1555 1101 1592 1127 ut
1608 1093 1755 1127 Davidis
1778 1094 2008 1128 adulterium:
2037 1096 2096 1128 sed
2115 1103 2165 1129 est
2180 1103 2359 1140 peccatum

1374 1145 1583 1188 sapientiae,
1616 1145 1765 1183 scilicet,
1801 1146 1944 1188 quando
1977 1152 2155 1188 peccatum
2184 1147 2299 1179 oritur
2321 1157 2361 1180 ex

1375 1196 1573 1238 arrogantia
1614 1207 1674 1228 seu
1712 1195 1839 1228 fiducia
1873 1195 2081 1239 sapientiae,
2121 1196 2254 1230 scilicet
2281 1208 2362 1230 cum

1375 1258 1473 1278 mens
1502 1246 1705 1279 admiratrix
1736 1257 1817 1278 suae
1846 1246 2053 1289 sapientiae,
2090 1247 2283 1280 contemnit
2307 1258 2364 1280 sa-

1375 1296 1543 1340 pientiam
1561 1294 1645 1337 Dei,
1673 1304 1704 1330 et
1728 1296 1803 1329 vult
1829 1296 1962 1341 aliquid
1988 1297 2100 1330 facere
2115 1298 2170 1331 vel
2186 1298 2362 1333 ordinare.

1375 1345 1438 1379 bac
1470 1347 1542 1390 ipsa
1575 1347 1845 1389 imaginatione,
1883 1347 1979 1391 quod
2007 1347 2051 1380 sit
2083 1347 2225 1389 melius,
2257 1360 2362 1393 quarn

1375 1397 1536 1431 ordinata
1554 1397 1738 1432 divinitus.

1478 1456 1528 1492 ᾶέ
1553 1456 1588 1496 ist
1614 1458 1695 1500 nictit
1718 1459 1781 1491 αιιέ
1804 1455 1981 1500 ῖῴιυαάκίῑ
2006 1457 2132 1501 υητοῴῐ
2156 1460 2259 1501 ttmn,
2292 1457 2363 1498 fon:

1377 1510 1453 1542 bern
1475 1511 1537 1542 αιιό
1556 1508 1651 1549 bicfer
1670 1507 1880 1551 sonberlidnn
1898 1509 2047 1554 fiberigen
2065 1510 2260 1544 vermeinten
2276 1509 2364 1553 t1u9=

1376 1560 1458 1601 brit,
1488 1561 1547 1593 bae
1565 1560 1648 1594 einer
1664 1559 1823 1604 gebcntft'
1850 1559 1912 1601 {cin
1930 1561 2079 1604 otbnung
2097 1562 2169 1595 obet
2186 1560 2364 1604 stirnemen,

1376 1610 1425 1652 fet)
1449 1610 1572 1653 fd>5net
1596 1613 1659 1644 vno
1684 1610 1796 1651 beffcr,
1825 1612 1906 1644 bean
1927 1610 2047 1646 &oties
2072 1612 2181 1655 bouelt)
2202 1613 2276 1646 obet·
2293 1613 2365 1646 orb:

1378 1671 1485 1705 nung,
1516 1664 1580 1696 nub
1603 1663 1685 1696 mirb
1710 1661 1775 1700 also
1802 1661 1894 1704 hurd)
1918 1663 2007 1707 cignc
2023 1663 2163 1708 flugbeit
2180 1662 2364 1705 ffirnemticb

1377 1713 1543 1757 qctrtcben.

1767 1793 1979 1825 Exemplum.

1482 1857 1560 1891 Non
1579 1855 1689 1899 placet
1708 1855 1838 1898 populo
1857 1853 1984 1892 lsrael,
2012 1866 2089 1887 cum
2108 1867 2179 1888 non
2197 1853 2367 1892 baberent

1379 1921 1513 1952 regem,
1541 1913 1649 1940 status
1675 1905 1749 1937 siue
1773 1912 1866 1939 certo
1888 1904 2020 1948 capite,
2048 1906 2186 1940 videtur
2209 1919 2280 1940 esse
2305 1908 2366 1941 de-

1380 1961 1501 1992 formis
1525 1957 1664 2001 species.
1720 1956 1771 1990 lbi
1798 1968 1857 1989 sua
1887 1956 2056 1999 sapientia
2081 1957 2207 1992 volunt
2233 1965 2366 1992 mutare

1381 2011 1526 2043 sormam
1546 2007 1786 2051 Reipublicae.
1846 2006 1881 2039 ld
1903 2019 1981 2040 vere
2000 2007 2065 2040 suit
2083 2014 2215 2041 tentare
2234 2007 2358 2044 Deum.

1494 2067 1575 2100 Filii
1599 2064 1767 2109 Ephraim
1795 2066 1829 2098 in
1850 2067 2009 2111 Aegypto
2034 2066 2190 2101 sciebant
2218 2068 2367 2111 promis-

1381 2131 1451 2152 sam
1476 2130 1547 2152 esse
1573 2125 1699 2152 terram
1717 2115 1907 2154 Cbauaan,
1936 2125 1966 2150 et
1991 2129 2090 2161 aegre
2111 2118 2270 2153 ferebant
2294 2129 2366 2152 ser-

1382 2170 1550 2206 vitutem„
1585 2169 1771 2201 videbatur
1800 2168 1905 2210 igitur
1937 2168 1985 2202 eis
2009 2169 2188 2213 pulcrum,
2221 2170 2367 2212 dignum

1383 2221 1466 2254 viris
1500 2220 1666 2257 sortibus.
1700 2231 1840 2253 movere
1871 2219 2024 2258 benum.
2057 2227 2089 2253 et
2117 2221 2237 2254 conari
2264 2232 2368 2254 occu-

1385 2323 1694 2356 interficiebantur.

1486 2380 1594 2414 Docet
1620 2393 1700 2421 ergo
1728 2378 1810 2412 baec
1834 2380 1968 2421 regula.
1998 2379 2075 2413 Nou
2094 2392 2168 2414 esse
2187 2380 2367 2415 disceden-

1356 2466 1357 2469 ,
1384 2434 1468 2465 dum
1487 2446 1503 2464 a
1522 2432 1686 2464 mandato
1705 2430 1766 2462 llei
1784 2432 1980 2468 eoinmuui,
2009 2443 2068 2464 seu
2084 2433 2127 2465 ab
2145 2432 2367 2466 ordinatione.

1722 2482 1796 2513 siue
1828 2482 1996 2523 singulari
2032 2484 2194 2517 mandato
2227 2489 2260 2516 et
2293 2483 2367 2515 sine
2390 2496 2398 2509 ¹·

1385 2482 1449 2517 Dei
1480 2482 1657 2515 communi
1672 2509 1679 2518 ,

1654 2532 1749 2565 Sicut
1787 2531 1966 2566 Abrabam
1998 2534 2170 2569 discessit.

1388 2586 1519 2625 filium,
1547 2585 1603 2617 sed
1623 2580 1745 2616 babuit
1768 2584 1942 2628 peculiare
1959 2585 2174 2620 mandatum.

2217 2533 2369 2567 offerens

2276 66 2351 102 560

2385 962 2390 969 ⁵
2395 928 2400 935 .
2389 869 2402 912 ..μ
2382 396 2407 854 Μωῖὣῗώμι,
2399 323 2408 347 ⁴.
2387 137 2409 295 *4⁶11*
