2409 2915
378 91 459 128 XII.

90 181 215 214 factus.
273 175 320 212 Et
350 189 396 211 ne
416 177 496 223 quis
519 176 810 218 calumniaretur,
842 177 997 221 potuisse
1017 189 1079 222 per
1100 177 1106 205 l

90 230 204 264 filium
220 229 340 262 omnia
356 229 416 262 illa
435 227 510 261 fieri
526 233 565 261 ut
583 227 733 261 maxime
751 234 783 261 et
803 228 876 272 ipse
893 229 937 263 sit
954 229 1077 272 factus,

91 280 238 314 subiecit
253 279 534 324 occupationem:
562 276 647 311 Sine
669 278 742 322 ipse
764 279 895 312 factum
921 276 1078 313 estnihil

92 331 187 376 quod
213 330 343 363 factum
372 336 439 371 est,
482 329 519 361 id
543 335 611 369 est,
644 329 812 374 quicquid
835 330 984 369 sactum,
1017 341 1078 374 per

91 382 207 426 ipsum
229 381 359 414 facturn
385 387 446 414 est.
499 377 547 413 Et
570 377 654 413 haec
682 382 825 425 quidem
859 387 910 414 est
934 380 1077 414 loannis

91 432 136 466 de
159 430 345 464 divinitate
370 430 434 463 filii
450 428 497 474 ⁴²⁹)
530 430 715 465 sententia.
768 430 871 465 Nunc
899 432 960 476 qui
984 432 1078 465 volet

93 482 288 527 expendere
304 481 429 521 latius,
457 487 496 514 ut
510 492 573 525 per
589 482 735 515 verbum
753 482 871 514 omnia
890 482 977 516 facta
995 482 1076 526 sint,

90 533 120 566 is
138 532 297 566 consulat
320 537 354 565 et
376 531 464 565 alios
488 531 680 575 scripturae
705 532 818 576 locos,
852 530 1076 566 Colossenses

90 583 222 628 primo:
251 582 292 615 ln
307 582 383 626 ipso
400 582 543 615 condita
559 589 640 616 sunt
655 582 774 615 omnia
787 609 794 623 ‚
825 595 915 627 quae
935 590 1016 617 sunt
1039 583 1076 616 in

91 633 215 671 coelis,
244 644 332 677 quae
357 639 441 666 sunt
454 644 559 677 super
575 640 722 672 terram,
750 633 905 667 visibilia
930 641 962 668 et
983 634 1076 667 invi-

90 683 207 717 sibilia
232 689 296 716 etc.

89 735 165 778 ipso
201 733 343 768 condita
370 741 469 773 sunt,
511 741 543 768 et
573 734 646 779 ipse
674 741 725 768 est
749 742 830 768 ante
862 735 1013 777 omnia„
1044 742 1076 769 et

89 784 209 819 omnia
225 784 262 817 in
283 784 358 828 ipso
375 784 584 820 consistunt.
613 784 664 818 Ita
677 784 807 819 Paulus
826 792 858 819 et
873 798 934 829 per
949 787 1075 834 ipsum,

91 835 158 874 ait,
195 835 314 868 omnia
341 846 413 868 esse
437 836 596 874 condita,
632 842 665 869 et
689 835 726 868 in
750 836 825 880 ipso
847 837 966 871 omnia
990 848 1075 870 con-

88 886 221 921 sistere.
258 884 355 918 Idem
372 885 415 918 ad
432 884 612 919 Hebraeos
630 886 759 930 primo:
788 886 937 921 Portans
953 887 1074 920 omnia

88 937 197 970 verbo
214 935 354 970 virtutis
378 947 470 971 suae.
523 936 593 970 Sed
609 934 710 978 haec,
735 937 803 970 nisi
820 938 946 982 spiritu
965 938 1071 971 intel-

89 988 262 1031 ligantur,
290 987 440 1030 intelligi
456 998 637 1033 nunquam
656 995 830 1032 poterunt.
882 988 962 1022 Non
979 988 1073 1022 enim

88 1038 181 1083 capit
196 1038 356 1081 angustia
381 1037 545 1077 rationis,
571 1039 630 1071 sed
653 1039 796 1082 spiritus
819 1039 930 1087 capit,
955 1039 1075 1072 omnia

88 1089 125 1121 in
155 1100 263 1122 manu
287 1088 352 1122 Dei
382 1099 454 1121 esse
481 1095 513 1122 et
543 1089 745 1124 consistere.
808 1088 849 1122 In
874 1097 1074 1124 sanctorum

88 1139 254 1173 cordibus
281 1145 448 1183 operatur
475 1139 690 1173 sensibiliter
713 1140 812 1173 Deus
843 1152 904 1184 per
927 1141 1072 1174 verbum

88 1190 227 1231 omnia,
260 1190 297 1222 in
323 1189 441 1233 impiis
470 1190 676 1224 abscondito
706 1191 875 1234 consilio,
917 1192 1012 1236 quod
1041 1197 1074 1224 et

90 1241 204 1285 ipsum
222 1241 370 1273 verbum
389 1238 455 1272 Dei
473 1247 532 1275 est.

189 1290 374 1324 Caeterum
398 1291 568 1324 orationis
592 1292 698 1324 series
724 1299 757 1326 et
786 1292 992 1336 compositio
1018 1293 1074 1324 in-

89 1342 200 1382 dicat,
253 1341 422 1374 Ioannem
458 1352 530 1374 esse
566 1349 754 1386 sequutum
788 1343 940 1386 primum
970 1349 1074 1385 caput

89 1390 256 1431 Genesis,
282 1391 364 1436 quia
380 1391 454 1423 illic
473 1397 586 1424 textus
608 1392 722 1435 palam
754 1399 920 1434 testatur,
955 1392 1072 1426 omnia

86 1454 149 1487 per
167 1442 312 1476 verbum
331 1453 403 1475 esse
419 1441 572 1478 condita.

92 91 189 128 1053

354 681 400 717 Et
424 690 562 728 postea:
599 681 732 717 Omnia
757 696 820 728 per
842 685 957 729 ipsum
981 691 1014 718 et
1037 685 1075 717 in

390 1522 441 1558 In
469 1524 547 1572 ipso
575 1524 650 1559 vita
679 1531 768 1562 erat.

189 1593 283 1637 Quia
302 1605 364 1638 per
388 1593 502 1637 ipsum
524 1595 613 1628 sacta
639 1601 723 1628 sunt
747 1595 885 1636 omnia,
914 1601 948 1629 et
971 1595 1009 1627 in
1033 1606 1074 1628 eo

87 1646 207 1681 omnia
240 1645 456 1686 consistunt,
504 1651 539 1678 et
570 1645 690 1678 omnia
722 1653 910 1689 portantur
944 1646 1074 1679 virtute

88 1698 182 1735 eius,
223 1696 315 1729 sicut
336 1695 605 1729 Deuteronomii
636 1702 775 1729 octavo:
826 1696 906 1729 Non
937 1697 975 1729 in
998 1696 1073 1729 solo

86 1760 178 1793 pane
197 1747 284 1780 vivit
299 1744 426 1787 homo,
454 1747 514 1779 sed
533 1746 570 1779 in
589 1747 686 1779 omni
703 1747 810 1781 verbo
827 1754 888 1781 etc.
930 1746 975 1781 Et
991 1747 1073 1792 quia

87 1799 126 1832 in
144 1798 252 1831 verbo
271 1797 341 1830 vita
358 1803 428 1837 est,
455 1797 535 1830 ideo
552 1797 588 1829 in
606 1798 779 1831 mundum
799 1798 895 1831 venit
914 1799 1073 1838 verbum,

87 1857 126 1884 ut
138 1849 330 1881 vivificaret
346 1855 515 1882 mortuo&
539 1847 656 1881 Poena
673 1848 804 1892 peccati
821 1860 916 1882 mors
932 1855 1073 1882 aeterna

87 1899 278 1934 constituta
296 1905 366 1937 est,
395 1898 544 1932 Genesis
561 1899 732 1940 secundo,
759 1905 792 1933 et
809 1900 889 1944 quia
908 1900 946 1932 in
965 1899 1073 1932 verbo

86 1951 159 1984 vita
176 1956 243 1990 est,
269 1949 348 1982 ideo
363 1961 437 1982 non
463 1949 578 1994 potuit
603 1961 697 1983 mors
715 1950 849 1983 aboleri
867 1950 935 1983 nisi
953 1951 1072 1984 verbo.

86 2001 172 2035 ldeo
189 1999 246 2034 hic
266 2000 392 2044 incipit
413 2012 512 2034 suam
531 2000 725 2034 orationem
749 2002 1013 2034 accommodare
1030 2001 1073 2034 ad

85 2050 339 2094 Evangelium‚
371 2057 405 2084 et
431 2052 695 2085 renovationem
719 2050 920 2086 humanam.
980 2052 1073 2095 Quia

87 2103 183 2136 enim
198 2109 249 2136 est
263 2101 334 2134 vita
352 2102 511 2135 omnium
523 2128 532 2141 ,
565 2102 644 2135 ideo
661 2109 712 2136 est
726 2103 786 2137 lux
802 2100 987 2138 hominum
999 2128 1008 2141 ‚
1038 2102 1071 2135 id

88 2160 157 2194 est,
192 2153 282 2186 illud
305 2152 420 2195 ipsum
445 2153 564 2185 vivum
591 2153 737 2186 verbum
762 2160 835 2186 erat
852 2154 922 2188 lux.
975 2154 1075 2188 Sicut

87 2205 125 2237 in
145 2203 248 2237 nobis
266 2215 339 2236 non
357 2209 406 2236 est
425 2203 514 2243 vita,
543 2203 611 2236 nisi
637 2204 752 2237 carnis
773 2204 862 2244 vita,
889 2204 935 2237 ita
955 2204 991 2236 in
1010 2217 1074 2237 no—

88 2256 144 2289 bis
161 2267 232 2287 non
248 2261 299 2287 est
315 2254 374 2287 lux
392 2254 459 2287 nisi
477 2254 534 2287 lux
552 2253 618 2299 ³⁰),
655 2255 690 2287 id
714 2262 783 2295 est,
818 2255 1016 2289 intellectus
1043 2261 1074 2288 cl

87 2305 277 2343 iudicium,
321 2305 465 2338 affectus
488 2305 556 2338 nisi
587 2305 716 2346 carnis;
767 2305 878 2350 prima
910 2303 1072 2340 Corinth.

88 2357 259 2390 secundo:
287 2356 461 2389 Animalis
489 2354 596 2388 homo
622 2368 694 2389 non
721 2357 867 2399 percipit
895 2369 950 2394 ea,
986 2369 1074 2402 quae

90 2413 174 2442 sunt
194 2407 338 2450 spiritus
360 2406 434 2440 Dei.
492 2406 573 2440 ldeo
599 2419 669 2439 non
698 2407 863 2450 intelligit
880 2406 993 2440 Deum
1011 2420 1075 2440 nec

88 2459 215 2491 metuit
237 2469 300 2490 nec
324 2457 440 2500 diligit
455 2470 554 2498 caro,
583 2459 640 2491 sed
661 2458 797 2501 ignorat
817 2465 849 2491 et
867 2459 1074 2492 contemnit.

89 2508 243 2552 Quando
260 2514 374 2541 autem
394 2508 456 2541 illo
475 2509 555 2542 vivo
574 2509 680 2542 verbo
703 2509 766 2543 Dei
791 2509 968 2552 tangimur
992 2516 1076 2544 tunc

88 2559 346 2599 illuminamur,
371 2566 409 2593 ut
427 2570 676 2603 cognoscamus
692 2558 817 2595 Deum.

123 2677 170 2706 2⁹)
188 2675 244 2707 filii
263 2677 342 2701 abest
361 2681 378 2700 a
395 2675 460 2700 Tub.

566 2676 614 2705 30)
634 2677 692 2702 nin*
711 2678 764 2702 lux
785 2682 837 2701 non
858 2677 938 2701 habet
957 2678 1022 2702 Tnb.

511 89 903 128 ANNOTATIONES
930 92 994 128 ET
1020 90 1299 128 CONClONES
1339 92 1387 127 IN
1420 92 1600 132 EVANG.
1626 91 1839 132 IOANNIS.

2020 95 2115 131 1054

1358 175 1411 212 El
1439 177 1508 213 lux
1536 179 1575 213 in
1603 178 1761 213 tenebris
1784 178 1887 215 lucet.

1232 242 1273 276 In
1290 241 1357 278 hoc
1380 252 1475 280 textu
1502 245 1586 280 haec
1613 254 1662 281 est
1689 248 1901 290 obscuritas,
1929 254 2049 281 utrum
2074 249 2117 281 de

1127 291 1268 328 Christo
1287 303 1458 340 quatenus
1482 297 1551 330 iam
1576 299 1777 341 apparuerit
1801 299 1838 331 in
1862 310 1964 332 carne
1989 299 2115 344 loqua-

1128 351 1203 386 tur,
1245 357 1289 378 an
1321 347 1364 379 de
1399 353 1523 381 natura
1547 347 1667 381 divina
1701 349 1804 383 etiam
1834 350 2039 395 priusquam
2075 349 2113 382 in

1127 407 1230 429 carne
1267 398 1439 440 apparuit.
1498 396 1680 431 Caeterum
1713 401 1834 432 eodem
1859 401 1949 434 redit
1977 411 2115 434 summa

1126 447 1328 482 sententiae.
1395 446 1485 480 Nam
1515 449 1586 481 sola
1617 449 1738 483 divina
1761 457 1885 483 natura
1914 450 2002 484 sicut
2033 449 2116 490 vita,

1127 498 1174 531 ita
1191 497 1251 530 lux
1266 504 1326 532 est.
1354 496 1442 531 Fere
1459 510 1499 532 eo
1515 499 1714 534 retulerunt
1730 501 1825 545 quod
1844 499 1938 534 Deus
1959 501 1995 533 in
2011 512 2114 534 carne

1126 559 1298 592 apparens
1330 560 1403 581 non
1436 556 1485 582 est
1515 551 1674 593 cognitus
1701 562 1719 584 a
1748 552 1883 584 mundo
1907 549 2002 584 Deus
2026 562 2113 584 esse:

1127 610 1207 642 ergo
1234 596 1309 638 hic,
1356 599 1434 640 lux,
1471 600 1506 632 id
1535 607 1584 633 est
1609 601 1723 644 ipsum
1750 602 1869 635 vivum
1885 600 1931 647 3¹)
1957 601 2114 634 Verbum

1125 649 1193 684 Dei
1209 656 1401 691 aeternum,
1429 662 1489 683 seu
1504 651 1596 684 filius
1612 650 1696 692 Dei,
1724 652 1829 692 lucet,
1856 653 1891 685 id
1911 659 1971 693 est,
1996 658 2114 685 osten-

1126 701 1222 734 ditur
1257 701 1518 744 praedicatione
1549 713 1567 734 a
1592 703 1737 736 condito
1771 704 1906 736 mundo
1935 714 2046 747 usque
2076 703 2113 734 in

1125 748 1216 784 hanc
1247 752 1352 786 diem.
1413 751 1502 784 Nam
1543 753 1654 785 lucem
1687 754 1822 792 lucere,
1854 754 1890 786 id
1916 760 1966 787 est
1998 753 2109 786 lucem

1125 802 1263 836 ostendi
1281 809 1313 835 et
1330 803 1517 846 adparere,
1543 809 1582 836 ut
1606 803 1635 836 si
1662 804 1756 837 dicas
1781 804 1889 837 solem
1916 804 2051 844 lucere,
2075 810 2114 837 ut

1125 853 1169 886 sit
1193 853 1406 897 praedicatio
1428 865 1490 886 ceu
1513 854 1634 887 radius
1658 854 1745 888 lucis
1770 861 1950 892 aeternae,
1984 854 2114 899 quibus

1125 903 1185 936 illa
1215 904 1273 936 lux
1296 901 1587 948 adprehenditur.
1649 904 1708 938 Sic
1730 904 1856 938 Psalm.
1879 903 2031 940 XVlll.:
2072 903 2113 937 In

1124 954 1196 987 sole
1212 954 1329 998 posuit
1350 955 1613 988 tabernaculum
1638 967 1760 994 suum,
1794 963 1826 989 et
1849 956 1922 1000 ipse
1944 961 2113 1000 tanquam

1126 1017 1273 1048 sponsus
1289 1006 1480 1048 procedens
1497 1006 1539 1038 de
1558 1003 1711 1039 thalamo
1737 1018 1812 1041 suo.
1867 1006 1954 1040 Item
1970 1005 2111 1038 Psalmo

1124 1055 1289 1088 XXXV.:
1322 1056 1428 1099 Apud
1452 1062 1484 1089 te
1508 1063 1555 1090 est
1573 1057 1651 1089 sons
1669 1057 1758 1090 vitae
1783 1064 1816 1090 et
1834 1057 1873 1089 in
1896 1056 2030 1089 lumine
2054 1063 2114 1089 tuo

1125 1106 1323 1140 videbimus
1347 1107 1478 1140 lumen.
1541 1106 1646 1149 Quod
1671 1107 1756 1152 quid
1782 1108 1877 1141 aliud
1900 1114 1970 1147 est,
2009 1118 2113 1152 quem

1125 1158 1220 1202 quod
1241 1157 1289 1190 ait
1306 1156 1471 1190 Ioannes:
1499 1155 1543 1190 Et
1563 1158 1620 1191 lux
1644 1158 1680 1190 in
1698 1159 1853 1192 tenebris
1875 1158 1978 1191 lucet.
2033 1156 2114 1190 Huc

1126 1208 1304 1252 pertinent
1320 1208 1440 1241 omnia
1453 1235 1462 1248 ,
1489 1220 1577 1253 quae
1601 1209 1644 1241 de
1662 1209 1794 1242 lumine
1813 1216 1895 1243 sunt
1913 1208 2007 1252 apud
2024 1206 2114 1240 Pro-

1124 1256 1266 1302 phetas,
1300 1258 1439 1292 Psalmo
1454 1257 1623 1300 LXXX„
1652 1267 1685 1293 et
1701 1257 1826 1293 Esaiae
1844 1259 1905 1295 IL:
1941 1256 2114 1292 Ambule-

1123 1321 1202 1342 mus
1224 1310 1260 1341 in
1286 1310 1362 1342 luce
1379 1308 1446 1342 Dei
1470 1309 1600 1350 nostri,
1628 1310 1663 1342 id
1684 1318 1746 1351 est,
1774 1309 1964 1344 illuminati
1982 1321 2042 1354 per
2059 1309 2113 1341 vi-

1125 1371 1206 1393 vum
1224 1360 1371 1393 verbum
1395 1359 1596 1402 cognitione
1613 1359 1689 1396 Dei.

1196 1441 1248 1477 Et
1278 1442 1443 1477 tenebrae
1470 1454 1548 1476 eum
1582 1455 1655 1477 non
1685 1441 2040 1491 comprehenderunt.

1228 1510 1269 1543 In
1285 1510 1452 1551 tenebris,
1480 1510 1514 1543 id
1532 1517 1602 1551 est,
1628 1511 1664 1544 in
1681 1512 1817 1546 ratione
1833 1509 1998 1553 humana,
2025 1523 2113 1556 quae

1127 1562 1290 1596 tenebrae
1314 1568 1406 1595 sunt.
1462 1559 1580 1605 Atque
1604 1562 1651 1595 ita
1682 1562 1876 1595 subiectum
1903 1569 1972 1597 est:
2001 1560 2047 1596 Et
2063 1569 2115 1595 te-

1126 1613 1254 1645 nebrae
1271 1624 1349 1645 eum
1367 1624 1439 1644 non
1458 1609 1819 1658 comprehen‹lerunt;
1849 1613 1947 1657 quasi
1968 1613 2111 1646 diceret:

1127 1663 1318 1707 Nunquam
1336 1659 1588 1706 comprehendi
1604 1663 1647 1696 ab
1664 1663 1737 1696 ullo
1758 1661 1904 1696 homine
1928 1675 2031 1708 quam
2051 1663 2112 1696 diu

1127 1720 1243 1746 manet
1270 1713 1305 1745 in
1327 1713 1490 1746 tenebris.

1228 1770 1326 1805 'Nihil
1346 1779 1395 1805 est
1412 1784 1536 1816 porro,
1565 1773 1658 1817 quod
1679 1773 1897 1816 disputemus
1914 1773 1956 1805 de
1976 1772 2112 1806 ratione

1127 1830 1159 1856 et
1187 1823 1299 1857 libero
1324 1823 1489 1856 arbitrio:
1529 1824 1612 1868 quia
1636 1824 1741 1856 semel
1768 1821 1825 1857 hic
1843 1822 1992 1857 Ioannes
2016 1830 2113 1857 tene-

1126 1875 1206 1907 bras
1224 1880 1325 1907 vocat
1342 1873 1510 1919 quicquid
1528 1886 1600 1907 non
1619 1881 1668 1907 est
1686 1874 1925 1907 illuminatum
1944 1875 2019 1908 luce
2037 1872 2113 1907 Dei.

1128 1925 1214 1958 Nam
1235 1923 1385 1957 Ioannes
1404 1936 1478 1957 non
1496 1936 1554 1958 eos
1572 1931 1707 1959 tantum
1726 1925 1888 1958 tenebras
1904 1931 2024 1965 vocat,
2052 1925 2111 1969 qui

1126 1987 1269 2020 prorsus
1287 1987 1359 2008 non
1384 1975 1533 2009 audiunt
1552 1976 1697 2009 verbum
1714 1975 1791 2017 Dei,
1814 1977 1872 2009 sed
1892 1987 1949 2009 eos
1966 1976 2025 2021 qui
2051 1987 2114 2009 au-

1127 2027 1241 2060 diunt.
1294 2025 1389 2059 Dicit
1414 2026 1524 2059 enim:
1559 2025 1635 2059 Lux
1662 2027 1772 2065 lucet,
1800 2038 1862 2059 nec
1887 2027 2022 2064 lucem,
2051 2038 2113 2059 nec

1127 2077 1244 2111 radios
1261 2077 1366 2117 lucis,
1393 2076 1427 2109 id
1447 2083 1496 2110 est
1516 2077 1812 2121 praedicationem
1839 2078 2042 2120 intelligunt
2061 2084 2113 2110 te·

1127 2129 1266 2163 nebrac.
1319 2126 1398 2161 Huc
1424 2128 1574 2172 pertinet
1599 2129 1774 2161 canticum
1791 2125 1997 2160 Zachariae:
2026 2127 2112 2160 lllu-

1127 2180 1262 2212 minare
1286 2175 1358 2219 his,
1391 2179 1451 2223 qui
1477 2179 1514 2211 in
1546 2179 1700 2212 tenebris
1726 2179 1847 2211 sedent
1872 2185 1935 2211 etc.
1996 2175 2043 2211 Et
2069 2179 2110 2211 ail

1127 2227 1300 2274 Ephesios
1318 2229 1378 2262 V.:
1408 2228 1523 2263 Eratis
1545 2236 1577 2262 et
1597 2241 1658 2261 vos
1675 2229 1866 2273 aliquando
1884 2229 2059 2262 tenebrae.

1300 2310 1390 2346 Fuit
1419 2309 1527 2346 homo
1555 2311 1689 2345 missus
1718 2323 1740 2344 a
1765 2310 1847 2345 Deo
1875 2315 1933 2345 etc.

1227 2381 1405 2415 Hactenus
1435 2381 1477 2413 de
1511 2380 1695 2414 divinitate
1724 2380 1838 2420 verbi,
1882 2380 2046 2423 deinceps
2071 2381 2112 2413 de

1127 2433 1368 2466 incarnatione
1399 2431 1500 2465 (licet.
1561 2430 1606 2464 Et
1635 2431 1715 2475 quia
1744 2429 1907 2464 Christus
1942 2437 2111 2464 venturus

1126 2491 1199 2518 erat
1220 2485 1255 2516 in
1280 2483 1402 2516 formis
1420 2482 1531 2514 crucis
1544 2509 1551 2522 ,
1574 2488 1606 2514 et
1622 2481 1757 2515 alienus
1775 2494 1792 2514 a
1811 2488 1912 2526 captu
1925 2508 1933 2522 ‚
1962 2493 2063 2514 sensu
2081 2488 2112 2515 et

1127 2535 1368 2569 aestimatione
1386 2533 1519 2573 carnis,
1547 2539 1647 2566 antea
1667 2533 1860 2566 moriturus
1883 2544 1986 2578 quam
2004 2533 2112 2575 glori-

1162 2679 1210 2707 ³¹)
1232 2679 1323 2709 ipsum
1343 2675 1437 2700 vivum
1459 2679 1512 2699 non
1533 2675 1615 2698 habet
1634 2675 1700 2698 Tub.
