2409 2915
136 108 184 142 93
698 106 762 140 XI.

135 193 316 228 doctrinae
339 201 372 229 et
397 193 522 229 fiducia
544 191 795 237 Redemptoris
809 191 923 226 Deum
951 200 1042 228 recte
1062 193 1119 227 in-

136 252 318 279 vocarunt.

237 304 290 338 De
313 303 454 338 caeteris
473 302 534 347 qui
551 303 723 348 putabant
741 313 776 335 se
793 302 880 335 iram
898 301 963 336 Dei
983 304 1118 347 placare

135 356 207 389 suis
227 354 422 394 sacrificiis,
449 353 565 398 inquit
589 352 776 387 Salomon:
814 352 983 387 Nesciunt
1004 367 1116 399 quan-

135 413 208 440 tum
231 405 359 439 faciant
379 404 475 437 mali.
525 403 566 438 In
589 402 653 438 hac
674 404 773 437 brevi
796 404 936 449 querela
956 404 1117 439 Salomo-

134 457 206 497 nis,
246 455 354 489 tristis
387 455 600 499 vituperatio
634 461 685 488 est
716 455 890 488 coecitatis
923 456 1115 489 multorum

133 505 295 540 omnihus
309 506 492 544 aetatibus,
521 506 581 551 qui
596 506 703 540 simili
719 518 835 539 errore
849 505 1007 540 fascinati
1023 513 1115 542 sunt.

132 556 240 590 Multi
271 568 366 590 nunc
396 569 536 602 quoque
568 557 748 595 nesciunt,
783 563 954 601 quantum
986 557 1115 592 faciant

131 607 234 648 mali,
264 608 324 652 qui
350 608 445 641 idola
469 608 656 641 stabiliunt
679 607 717 640 in
739 606 867 648 Missa,
894 614 927 641 et
952 608 989 640 in
1012 608 1114 641 invo-

129 658 265 692 catione
290 665 523 692 mortuorum.
587 658 656 693 Sed
680 658 803 692 audire
828 670 886 692 eos
911 671 1031 692 vocem
1058 659 1113 691 di-

128 709 246 743 vinam
271 709 473 753 oportebat,
501 721 589 755 quae
613 715 705 743 taxat
729 721 864 743 errores
889 716 921 743 et
943 715 1113 743 monstrat

127 772 246 794 veram
265 760 535 794 invocationem.

227 818 324 853 Haec
354 819 396 852 de
428 825 633 862 argumento
666 815 771 852 huius
799 819 883 852 libri
912 818 1112 852 Salomonis

127 870 282 905 breviter
305 870 394 910 dixi,
422 882 525 915 quem
549 870 630 915 quia
649 870 791 912 prodest
808 870 1029 903 familiariter
1047 882 1111 902 no-
1137 885 1139 892 ⁴

126 929 202 956 tum
226 932 297 955 esse
315 921 499 962 omnibus,
529 921 590 966 qui
609 920 748 954 discunt
767 920 903 961 literas,
931 932 1012 953 narn
1029 932 1111 964 pro-

124 1034 245 1057 recens
261 1023 300 1056 in
317 1020 434 1056 schola
451 1030 631 1067 utcunque
648 1022 767 1065 relegi.

227 1081 303 1116 Etsi
333 1089 448 1115 autem
481 1082 585 1114 video
611 1081 868 1114 enarrationem
892 1081 998 1113 nimis
1021 1081 1110 1114 ieiu-

124 1145 205 1167 nam
238 1144 327 1173 esse,
364 1133 420 1165 edi
448 1144 521 1165 non
546 1132 706 1165 volebam
732 1138 763 1165 et
788 1138 905 1164 tamen
928 1143 968 1164 eo
991 1132 1109 1165 minus

120 1183 337 1230 repugnavi,
364 1183 446 1227 quia
464 1183 576 1228 aliqui
593 1181 839 1215 existimabant
857 1181 975 1225 plures
993 1182 1107 1226 ipsum

121 1235 348 1270 Salomonem
380 1234 531 1266 lecturos
565 1244 654 1272 esse,
695 1239 875 1277 utcunque
905 1244 1108 1266 commone-

119 1287 228 1320 factos
244 1285 287 1317 de
304 1295 420 1316 rerum
439 1282 685 1326 magnitudine
698 1309 706 1323 ,
733 1294 819 1327 quas
835 1283 926 1316 liber
940 1284 1106 1318 continet.

220 1341 263 1376 In
286 1342 441 1375 editione
466 1354 549 1375 vero
577 1349 675 1376 tuum
701 1353 830 1375 nomen
855 1342 996 1380 addidi,
1025 1343 1106 1387 quia

116 1402 149 1430 te
181 1404 322 1439 quoque
353 1393 391 1425 in
424 1393 484 1426 illa
518 1400 577 1427 tua
605 1392 730 1426 militia
760 1389 822 1425 has
849 1393 1106 1426 consolationes

115 1457 217 1489 saepe
242 1444 420 1489 requirere
445 1443 564 1477 animo
588 1444 679 1481 scio,
708 1454 796 1487 quae
819 1443 1005 1477 adfirmant
1030 1445 1106 1488 pios

114 1497 252 1530 labores
274 1495 310 1528 in
327 1494 584 1538 gubernatione
600 1494 736 1538 placere
747 1492 832 1535 Deo,
862 1501 894 1528 et
913 1506 985 1527 non
1004 1507 1103 1539 pror-

116 1559 174 1580 sus
197 1546 316 1580 irritos
340 1546 433 1586 fore,
461 1545 598 1580 etiamsi
624 1545 717 1578 bona
739 1545 884 1578 consilia
903 1545 1010 1579 variis
1028 1558 1105 1579 mo-

114 1599 169 1632 dis
194 1596 451 1641 impediuntur.
510 1595 679 1629 Insidiari
702 1593 858 1629 humano
884 1597 1001 1639 generi
1025 1597 1103 1630 dia-

112 1649 214 1682 bolos
238 1659 311 1680 non
336 1647 485 1680 dubium
512 1653 581 1685 est,
609 1646 670 1691 qui
697 1645 847 1679 incitant
871 1647 977 1687 alios,
1005 1654 1043 1680 ut
1069 1648 1101 1680 vi

112 1697 306 1732 Ecclesiam
330 1697 447 1729 delere
469 1703 659 1735 conentur,
686 1696 774 1728 alios
789 1703 828 1729 ut
845 1694 1100 1739 sophismatum

113 1747 309 1793 praestigiis
334 1757 390 1779 eas
416 1747 571 1780 turbent.
627 1746 682 1778 Ad
708 1743 794 1778 haec
816 1747 907 1779 mala
932 1748 1103 1780 accedunt

110 1798 243 1832 multae
260 1796 482 1830 difficultates
498 1796 598 1829 aliae.

212 1855 282 1890 Sed
305 1855 434 1888 scimus
450 1853 582 1888 Filium
599 1852 664 1887 Dei
683 1855 860 1887 sedentem
879 1855 922 1887 ad
944 1856 1099 1888 dextram

110 1907 243 1942 aeterni
262 1905 381 1951 patris,
404 1906 583 1939 custodem
603 1916 675 1938 esse
689 1903 967 1940 suaeEcclesiae.
994 1905 1100 1939 Hunc

109 1969 251 1993 oremus
271 1964 310 1991 ut
332 1967 397 1990 nos
414 1963 526 1999 regat,
552 1963 585 1990 et
599 1955 703 1989 faciat
719 1967 782 1989 nos
801 1967 880 1989 vasa
900 1956 1097 1990 miscricor-

109 2009 188 2043 diae
211 2015 245 2042 et
267 2018 397 2051 organa
419 2007 605 2047 salutaria,
632 2006 776 2040 adiuvet
792 2006 868 2050 pios
883 2007 1040 2048 labores,
1066 2014 1098 2041 et

107 2061 225 2094 foveat
253 2065 404 2092 moestas
430 2055 623 2098 Ecclesias‚
657 2063 689 2090 et
722 2057 890 2101 reprimat
915 2058 1097 2091 diabolum

107 2116 321 2155 grassantem
348 2109 536 2154 tyrannide
559 2116 592 2143 et
609 2105 810 2152 sophistica.
864 2107 959 2141 Haec
978 2115 1097 2141 nostra

106 2168 186 2195 vota
219 2161 346 2193 scimus
379 2171 453 2193 non
485 2172 558 2194 esse
590 2160 701 2194 irrita.
764 2157 861 2192 Bene
892 2165 925 2192 ct
950 2159 1098 2192 feliciter

105 2213 198 2253 vale,
227 2211 302 2245 Cal.
322 2208 404 2245 Oct.

152 2427 522 2480 Argumentum
565 2422 616 2462 in
662 2422 1057 2463 Ecclesiasten.

101 2514 189 2554 Ideo
209 2518 246 2551 in
262 2513 545 2550 enarrationibus
562 2519 769 2556 argumenta
790 2519 822 2546 et
841 2513 988 2546 consilia
1004 2513 1091 2547 scri-

99 2570 211 2614 ptoris
242 2567 346 2602 initio
375 2565 587 2602 recitantur,
623 2570 661 2597 ut
691 2564 848 2597 iuniores
878 2564 1088 2608 praemoniti

98 2629 279 2665 utcunque
309 2628 483 2651 summam
514 2615 630 2659 operis
658 2623 773 2650 mente
797 2615 1088 2659 complectantur,

98 2679 128 2705 et
155 2672 306 2715 cogitent
329 2671 369 2702 ad
395 2679 499 2713 quem
521 2677 623 2700 usum
644 2666 786 2699 materia
807 2666 934 2709 scripta
951 2678 1086 2700 accom-
1112 2704 1115 2711 Ι

813 103 1112 142 ENARRATIO
1145 102 1195 138 ΙΝ
1225 101 1597 141 ECCLESIASTEN.
2101 110 2148 143 94

1171 189 1347 222 modanda
1369 189 1430 230 sit,
1456 202 1500 223 an
1520 190 1601 224 finis
1622 191 1666 226 sit
1682 193 1855 236 cognitio,
1881 205 1926 227 an
1945 206 2027 228 vero
2045 193 2146 228 Actio

1170 239 1286 284 aliqua
1305 240 1395 273 vitae
1411 241 1604 283 profutura.

1272 289 1319 324 Ut
1335 297 1450 323 autem
1468 291 1536 323 iam
1554 292 1596 324 de
1611 293 1746 337 scriptis
1764 294 1800 328 in
1812 294 1966 329 Ecclesia
1983 295 2146 330 dicamus.

1170 339 1248 373 Una
1282 352 1360 384 pars
1390 341 1550 374 doctrina
1575 349 1641 380 est,
1675 351 1714 377 ut
1736 346 1892 379 recitatio
1918 346 2146 380 articulorum

1169 390 1267 428 fidei,
1296 391 1378 435 quia
1402 390 1498 425 Deus
1522 392 1596 425 vult
1618 403 1653 425 se
1678 397 1818 436 agnosci
1841 408 1880 430 ex
1905 396 2148 441 patefactioni-

1168 441 1233 473 bus
1255 441 1346 479 suis,
1375 442 1450 475 vult
1475 454 1538 475 nos
1564 443 1686 476 audire
1711 455 1808 477 suam
1831 458 1968 488 vocem,
1996 454 2028 481 et
2047 458 2148 479 nosse

1168 491 1318 524 illustria
1336 492 1548 533 testimonia,
1577 505 1665 538 quac
1679 495 1816 529 addidit
1831 507 1912 529 suae
1929 498 2016 531 voci.
2062 497 2149 530 Vult

1167 542 1270 574 etiam
1296 554 1358 575 nos
1383 544 1543 577 assentiri
1570 545 1642 577 suis
1665 545 1783 587 dictis,
1810 553 1843 580 et
1867 544 1956 580 hanc
1978 548 2147 580 assensio—

1167 604 1246 625 nem
1269 604 1341 626 esse
1361 593 1524 627 virtutem
1544 596 1767 637 pronunciat.

1269 643 1338 677 Sed
1367 656 1440 677 non
1473 651 1521 677 cst
1546 646 1689 679 ultimus
1715 647 1794 679 finis
1821 647 1994 690 cognitio,
2028 658 2148 680 verum

1166 700 1284 737 postea
1314 694 1389 727 vult
1412 695 1455 727 ad
1479 696 1716 738 cognitionem
1742 698 1903 730 accedere
1928 698 2090 731 timorem
2117 704 2149 731 et

1138 752 1140 762 ¹
1167 744 1461 783 consolationem,
1496 746 1577 790 quia
1609 747 1687 780 ideo
1716 758 1750 780 se
1780 749 1942 791 patefecit
1965 748 2077 789 Deus,
2110 755 2149 781 ut

1137 804 1140 813 ·
1167 795 1307 838 colligat
1332 796 1400 828 sibi
1423 802 1598 829 aeternam
1613 794 1805 830 Ecclesiam
1824 798 1861 830 in
1881 809 2006 841 genere
2022 796 2147 831 huma-

1165 857 1229 886 no,
1256 852 1289 878 et
1313 858 1386 878 cam
1411 858 1428 879 a
1447 854 1585 890 peccato
1612 855 1644 881 et
1661 854 1773 881 morte
1791 849 1925 883 liberet.
1980 848 2148 892 Erigendi

1167 902 1249 928 sunt
1274 896 1380 939 igitur
1403 897 1579 932 auditores
1605 899 1862 940 consolatione,
1890 911 1978 944 quae
1994 900 2031 933 fit
2047 898 2146 939 Fide,

1136 973 1138 980 Α
1165 958 1253 991 quae
1277 954 1326 980 est
1352 948 1503 981 incoatio
1527 949 1617 982 vitae
1639 956 1818 991 aeternae,
1846 957 1878 983 et
1894 956 2031 994 oportet
2047 961 2147 982 men-

124 973 215 1006 fecto
255 972 383 1005 multas
415 972 620 1005 utilissimas
651 971 910 1004 admonitiones
943 971 1110 1012 continet,
1136 985 1138 1017 J
1164 1003 1214 1030 tes
1244 997 1281 1029 in
1311 995 1376 1031 hoc
1402 1011 1505 1032 cursu
1529 997 1658 1033 habere
1681 1001 1955 1034 consolationem
2009 1007 2047 1034 ut
2072 1001 2147 1033 fieri

1968 1026 1976 1039 5

1164 1048 1276 1092 possit
1302 1048 1489 1082 invocatio.
1548 1049 1671 1083 Postea
1699 1051 1861 1085 fruentur
1886 1052 1981 1091 luce,
2009 1050 2147 1095 sapien-

1164 1098 1230 1139 tia,
1266 1099 1422 1133 bonitate
1455 1106 1488 1133 et
1511 1100 1643 1134 laeticia
1667 1102 1787 1135 divina
1812 1102 1849 1135 in
1874 1103 1970 1135 omni
1996 1102 2147 1136 aeterni-

1163 1155 1253 1189 tate,
1289 1162 1366 1183 cum
1396 1150 1462 1184 erit
1486 1149 1581 1184 Deus
1606 1152 1725 1185 omnia
1750 1153 1786 1185 in
1811 1153 1995 1195 omnibus,
2027 1153 2062 1185 id
2087 1159 2147 1192 est,

1163 1211 1241 1232 cum
1267 1200 1332 1233 erit
1357 1201 1475 1234 efficax
1499 1202 1535 1233 in
1560 1202 1681 1243 nobis,
1716 1203 1791 1236 sine
1814 1203 2011 1237 ministerio
2037 1203 2147 1243 verbi,

1162 1251 1219 1282 sed
1244 1262 1304 1283 sua
1323 1251 1431 1294 ipsius
1449 1252 1544 1292 luce,
1572 1265 1676 1297 quam
1695 1254 1809 1298 palam
1828 1266 2019 1289 cernemuS.

1265 1300 1478 1346 Quanquam
1504 1303 1609 1345 igitur
1634 1316 1713 1347 pars
1735 1305 1852 1349 aliqua
1871 1306 1908 1337 in
1927 1304 2062 1348 scriptis
2077 1302 2145 1337 Ec-

1160 1350 1284 1384 clesiae
1307 1359 1357 1384 est
1379 1350 1586 1399 δογματικὴ
1610 1365 1671 1387 seu
1687 1355 1867 1396 doctrina,
1894 1362 2008 1388 tamen
2026 1361 2144 1398 postea

1159 1401 1213 1433 illi
1238 1402 1323 1435 fines
1346 1403 1530 1436 ulteriores
1557 1404 1719 1438 intuendi
1747 1412 1838 1439 sunt.
1890 1405 1989 1439 Sicut
2012 1411 2043 1438 et
2065 1417 2145 1439 eru-

1159 1452 1254 1485 ditus
1296 1454 1525 1487 concionator
1555 1455 1642 1488 alias
1669 1456 1792 1490 recitat
1824 1456 1948 1489 ordine
1979 1456 2144 1490 articulos

1158 1503 1310 1547 symboli
1342 1511 1402 1538 aut
1430 1505 1556 1548 legem:
1593 1506 1677 1540 alias
1707 1507 1875 1551 proponit
1899 1507 2143 1541 comminatio-

1158 1565 1240 1594 nes,
1275 1562 1412 1589 accusat
1440 1567 1538 1597 reos,
1571 1563 1611 1590 ut
1634 1557 1795 1591 timorem
1820 1558 1942 1591 iudicii
1967 1557 2079 1590 divini
2106 1558 2142 1590 in

1157 1604 1285 1637 animis
1315 1606 1497 1641 exuscitet:
1533 1608 1618 1640 alias
1651 1608 1772 1642 recitat
1805 1621 1924 1642 vocem
1958 1607 2142 1651 Evangelii

1158 1661 1191 1688 et
1215 1656 1490 1697 consolationes,
1517 1669 1602 1701 quas
1619 1657 1733 1691 Filius
1750 1658 1815 1692 Dei
1833 1658 2008 1691 Dominus
2025 1665 2144 1691 noster

1156 1703 1253 1737 Iesus
1292 1704 1453 1740 Christus
1486 1704 1663 1740 Ecclesiae
1700 1707 1865 1746 tradidit,
1911 1715 1942 1741 et
1983 1708 2141 1741 accendit

1155 1753 1258 1787 fidem
1288 1762 1321 1789 et
1348 1756 1627 1798 invocationem,
1663 1764 1696 1791 et
1719 1758 1807 1792 lenit
1829 1758 2063 1799 moesticiam,
2097 1771 2141 1791 ne

1155 1806 1260 1838 corda
1285 1807 1532 1850 opprimantur
1553 1808 1816 1852 desperatione,
1845 1815 1876 1842 et
1893 1816 1997 1842 ruant
2015 1809 2051 1842 in
2068 1809 2141 1842 exi-

1154 1855 1255 1891 tium.

1258 1906 1309 1941 Ita
1335 1907 1419 1941 sciat
1444 1909 1673 1943 concionator
1696 1910 1852 1944 membra
1870 1921 1951 1943 suae
1969 1910 2139 1943 orationis

1155 1957 1400 1991 distribuenda
1429 1971 1519 1998 esse,
1545 1967 1584 1993 ut
1609 1967 1641 1994 et
1657 1960 1788 1995 Paulus
1814 1961 1969 1994 monuit:
1997 1959 2053 1995 Sis
2077 1962 2138 1994 ad-

1153 2007 1275 2042 siduus
1294 2009 1329 2041 in
1352 2009 1517 2051 lectione,
1538 2012 1699 2044 doctrina
1718 2018 1750 2045 et
1766 2012 2018 2046 consolatione.
2070 2011 2138 2045 Le-

1153 2067 1209 2102 gat
1232 2060 1311 2102 pius
1337 2059 1578 2093 Concionator
1599 2061 1708 2094 libros
1731 2060 1960 2106 Propheticos
1987 2068 2019 2095 et
2040 2060 2136 2106 Apo-

1152 2109 1304 2143 stolicos.
1358 2109 1445 2143 Inde
1467 2118 1581 2145 sumat
1606 2124 1658 2145 res
1673 2110 1850 2146 Ecclesiae
1877 2113 2137 2158 proponendas,

1153 2171 1224 2193 non
1247 2159 1356 2203 fingat
1379 2173 1488 2194 novas
1512 2163 1696 2206 opiniones
1719 2170 1779 2197 aut
1804 2163 2049 2197 commenticia
2068 2175 2133 2196 nu-

1152 2211 1266 2252 mina,
1293 2218 1331 2244 ut
1346 2210 1460 2245 Numa
1478 2212 1692 2257 Pompilius,
1718 2221 1778 2247 aut
1800 2214 1943 2249 similes.
1997 2213 2135 2248 Sumtus

1150 2269 1265 2295 autem
1289 2274 1343 2295 res
1365 2274 1405 2295 ex
1426 2263 1584 2297 sontibus
1606 2265 1684 2308 pius
1701 2263 1939 2299 Concionator
1957 2265 2135 2308 perspicue

1150 2319 1183 2345 et
1208 2313 1282 2346 sine
1307 2315 1515 2357 corruptelis
1540 2322 1708 2358 exponat,
1736 2323 1907 2350 monstret
1926 2316 2054 2349 alicubi
2074 2316 2133 2348 dc-

1148 2363 1345 2405 finitiones‚
1381 2376 1420 2397 ac
1445 2365 1701 2401 distinctiones,
1754 2365 1849 2400 Haec
1872 2373 1953 2400 sunt
1977 2366 2133 2399 docentis

1147 2426 1305 2455 munera,
1361 2413 1483 2449 Tertio
1501 2417 1687 2450 transferat
1705 2417 1900 2451 doctrinam
1919 2418 1961 2449 ad
1980 2417 2133 2449 excitan-

1146 2465 1230 2498 dum
1259 2464 1441 2498 Timorem
1467 2473 1498 2500 et
1523 2466 1666 2508 Fidem,
1695 2480 1783 2512 quae
1809 2475 1857 2501 est
1883 2467 2075 2501 consolatio
2100 2475 2129 2500 ct

1145 2516 1320 2550 restitutio
1340 2517 1442 2551 vitae.

1246 2566 1435 2612 Postquam
1471 2574 1586 2601 autem
1622 2569 1730 2602 lector
1762 2566 1886 2602 harum
1920 2569 2129 2602 concionum

1142 2615 1345 2651 Salomonis
1377 2618 1630 2659 consideravit,
1667 2617 1750 2652 haee
1776 2631 1848 2652 esse
1874 2620 2020 2653 consilia
2047 2621 2130 2653 scri-

1141 2667 1321 2710 bentium,
1356 2669 1439 2703 sciat
1470 2669 1714 2713 principaliter
1738 2676 1848 2705 totum
1873 2668 1967 2705 hunc
1990 2671 2131 2711 librum,
