2409 2915
60 109 133 146 901
320 107 404 147 ΧΠ.

62 193 188 228 lamini
211 193 335 229 filium.
387 193 495 238 Item,
519 193 643 229 Esaiae
660 193 734 231 16.:
763 191 820 228 Ad
835 193 1052 229 annuntian-

63 244 150 279 dum
169 246 266 280 misit
281 258 336 280 me
353 253 418 282 etc.

165 294 241 330 Hae
257 303 289 331 et
311 297 441 331 similes
459 292 664 340 prophetiae
679 307 801 329 omnes
817 293 1049 340 comprehen-

60 346 196 381 duntur
214 348 250 381 in
268 345 335 381 hoc
346 347 510 380 mandato
524 346 769 380 immutablili:
797 345 903 381 Hunc
916 347 1048 382 audite.

168 405 201 441 1.
235 405 394 440 Sciamus
419 416 500 448 ergo
525 404 722 438 necessario
748 405 949 439 discendam
975 416 1048 439 esse

61 455 257 490 doctrinam
272 455 474 499 Evangelii,
503 466 607 500 quam
626 455 785 490 tradidit.

458 105 852 158 ANNOTATIONES
878 103 1253 156 ETssONCIONES
1282 105 1333 142 IN
1356 104 1539 145 EVANG.
1567 110 1850 150 MATTHAEI.

2024 120 2100 157 902

1075 196 1179 225 'ossa
1209 203 1298 229 mea.
1349 192 1451 228 Hanc
1481 195 1570 229 iram
1593 195 1660 231 Dei
1690 196 1852 234 homines
1878 203 1990 236 securi
2020 216 2092 239 non

1104 242 1340 279 considerant.
1391 242 1437 278 Et
1451 246 1643 280 dolendum
1659 256 1726 291 est,
1753 257 1884 285 tantam
1901 265 1973 287 esse
1989 256 2090 288 (luri-

1102 292 1186 326 tiem
1214 290 1361 327 humani
1384 296 1554 338 pectoris,
1580 304 1618 331 ut
1645 311 1717 332 non
1742 301 1914 336 afficiatur
1932 316 2014 338 cura
2033 307 2088 339 vel

1101 342 1310 386 cogitatione
1335 344 1406 377 irae
1423 343 1508 385 Dei,
1536 359 1624 391 quae
1647 351 1836 385 certissima
1859 360 1926 394 est,
1953 363 1985 389 et
2002 368 2087 400 poe-

1100 405 1166 426 nae
1182 393 1340 438 quotidie
1357 402 1437 428 sunt
1454 395 1490 428 in
1511 406 1707 440 conspectu.

1199 443 1460 479 Exsuscitemus
1483 447 1591 489 igitur
1612 460 1676 481 nos
1701 451 1744 483 ad
1770 454 2084 489 considerationem

163 508 200 541 2.
229 505 398 544 Sciamus,
415 505 611 539 necessario
621 506 835 540 credendum
847 515 920 539 esse
930 506 1047 539 omni,
1102 493 1175 527 irae
1185 493 1250 528 Dei
1267 495 1309 528 ad
1328 495 1506 537 timorem,
1534 498 1745 540 cogitatione
1761 504 1858 535 verbi
1870 503 1934 537 Dei
1952 512 1983 538 et
2002 519 2085 550 poe-

59 556 127 590 bus
145 556 439 602 promissionibus
457 556 579 601 ipsius.

162 608 199 642 8.
233 605 393 640 Sciamus
422 618 546 640 omnes
576 605 753 640 doctrinas
782 607 826 640 de
849 605 925 640 Deo
952 613 1045 641 extra
1069 529 1074 636 l

1097 645 1264 679 omnibus
1290 647 1457 689 operibus
1482 649 1586 690 meis,
1613 650 1724 684 sciens
1750 654 1845 699 quod
1873 666 1946 687 non
1970 657 2083 699 parcis

1066 1345 1070 1362 l

60 655 244 699 Evangelii
261 657 457 690 doctrinam
474 657 657 701 fugiendas
674 663 707 690 et
725 657 933 690 reiiciendas
951 669 1034 692 esse.

161 715 197 750 4.
230 714 389 749 Sciamus
419 716 511 749 solos
536 715 618 747 illos
641 712 805 749 homines
829 727 900 748 esse
923 714 1044 748 Eccle-

58 765 146 800 siam
171 763 257 806 Dei,
286 772 320 799 et
345 767 502 800 membra
519 765 693 798 Ecclesiae
712 764 798 807 Dei,
825 765 886 811 qui
910 766 1043 810 ample-

57 822 202 851 ctuntur
215 813 307 849 banc
326 816 370 850 de
390 816 462 851 Deo
479 815 690 851 doctrinam.

158 864 197 900 5.
232 865 393 901 Sciamus
422 866 541 900 nullos
573 863 734 899 homines
766 876 839 898 esse
868 862 1043 898 Ecclesiae

54 917 214 951 membra
241 917 317 950 sine
344 915 410 952 hac
439 916 622 955 doctrina,
650 916 705 950 vel
735 922 931 960 pugnantes
963 927 1041 949 cum

55 964 123 1002 hac
140 967 313 1003 doctrina.

158 1017 196 1052 6.
237 1017 396 1052 Sciamus
420 1023 514 1051 certo
539 1028 605 1050 nos
629 1014 719 1050 hanc
743 1015 940 1050 doctrinam
966 1027 1042 1050 am-

53 1068 266 1114 plectentes,
293 1075 326 1102 et
340 1079 421 1102 vera
437 1068 505 1101 fide
521 1067 604 1101 inde
621 1066 901 1102 consolationem
920 1073 1042 1112 peten-

54 1126 127 1159 tes,
150 1116 317 1153 haeredes
332 1130 404 1152 esse
421 1119 511 1152 vitae
525 1125 698 1153 aeternae.

158 1168 204 1203 Et
230 1167 293 1202 has
321 1169 580 1202 consolationes
611 1168 795 1211 infigamus
825 1167 970 1206 animis,
1002 1175 1042 1202 ut

56 1231 195 1264 semper
216 1219 287 1253 sint
305 1219 342 1252 in
360 1226 561 1263 conspectu.
613 1218 658 1252 Et
676 1230 778 1262 saepe
793 1218 829 1250 in
847 1225 966 1251 nostra
983 1218 1040 1250 in-

55 1269 241 1304 vocatione
263 1277 440 1314 tamquam
462 1270 498 1301 in
517 1267 612 1303 hunc
632 1275 787 1302 montem
804 1269 1042 1309 ascendentes,

56 1321 102 1354 de
115 1318 180 1354 hac
194 1320 410 1353 revelatione
424 1319 634 1362 cogitemus,
660 1325 699 1352 ut
716 1318 802 1351 fides
817 1325 936 1352 nostra
956 1330 1041 1351 con-

54 1371 234 1410 firmetur,
274 1370 416 1402 intuens
445 1369 482 1401 in
515 1369 606 1412 ipsas
635 1368 882 1411 patefactiones
910 1366 975 1400 Dei
1008 1374 1041 1401 et

54 1431 175 1454 earnm
212 1419 432 1457 testimonia,
475 1419 608 1452 scilicet
647 1418 685 1450 in
716 1418 937 1451 eductionem
976 1431 1040 1462 po-

53 1470 131 1516 puli
154 1482 194 1505 ex
216 1468 395 1515 Aegypto,
420 1469 457 1502 in
480 1469 783 1503 resuscitationem
807 1474 1040 1510 mortuorum,

1099 557 1245 585 narum,
1278 551 1312 578 et
1342 553 1435 579 certo
1468 547 1636 589 sciamus,
1669 562 1742 583 non
1767 553 1921 597 relinqui
1948 563 2084 599 peccata

1097 595 1285 639 impunita.
1337 594 1435 629 Sicut
1460 595 1523 630 Iob
1547 598 1632 632 dicit
1658 601 1770 643 capite
1788 602 1838 637 9.:
1869 603 2022 638 Verebar
2047 607 2083 639 in

1097 696 1330 741 delinquenti.

1450 798 1609 824 Secunda
1632 805 1725 831 pars.

1401 853 1472 890 De
1493 855 1775 896 JtIediator-e.

1198 930 1291 974 Quia
1307 939 1422 966 autem
1439 935 1718 978 magnitudinem
1731 938 1800 972 irae
1809 937 1876 974 Dei
1887 954 1957 976 non
1970 951 2083 987 potest

1096 979 1204 1015 homo
1228 983 1420 1024 sustinere,
1446 984 1526 1017 ideo
1551 986 1745 1022 intercessit
1766 1002 1829 1034 pro
1849 993 1951 1026 nobis
1968 993 2081 1030 Filius

1095 1031 1181 1073 Dei,
1213 1040 1246 1066 et
1274 1033 1385 1067 sactus
1409 1041 1459 1068 est
1482 1034 1679 1079 Mediator,
1714 1040 1773 1072 sed
1799 1047 1915 1076 tamen
1940 1044 2009 1089 ita,
2041 1055 2082 1082 ut

1095 1083 1168 1129 ipse
1193 1083 1230 1116 in
1254 1094 1326 1116 sese
1342 1084 1517 1119 derivaret
1535 1087 1757 1131 praecipuam
1777 1103 1924 1134 poenam
1937 1121 1946 1135 ‚
1975 1103 2006 1130 et
2026 1108 2081 1131 sa-

1094 1134 1267 1167 tisfaceret
1296 1134 1451 1168 iustitiae
1474 1135 1554 1170 Dei.
1619 1135 1696 1172 Hoc
1720 1141 1801 1184 quia
1827 1143 1926 1185 fecit,
1961 1153 2080 1189 postea

1094 1184 1196 1216 nobis
1217 1185 1391 1228 parcitur,
1425 1187 1567 1230 quando
1591 1184 1686 1222 hunc
1708 1188 1838 1224 Filium
1863 1193 1930 1227 fide
1954 1208 2080 1240 appre-

1095 1232 1304 1275 hendimus,
1331 1237 1474 1280 quando
1499 1236 1571 1281 ipse
1597 1250 1662 1272 nos
1685 1247 1894 1286 contrectat,
1920 1252 1954 1279 et
1976 1247 2079 1282 dicit:

1094 1283 1175 1317 Noti
1194 1285 1329 1318 timere.

1195 1333 1254 1367 Sic
1284 1335 1326 1367 de
1356 1332 1423 1368 hoc
1452 1342 1547 1370 tanto
1577 1338 1746 1374 beneficio
1773 1343 1941 1386 scriptum
1966 1353 2015 1380 est
2040 1348 2078 1382 in

1093 1381 1198 1417 Esaia
1216 1383 1374 1429 cap-53.:
1402 1384 1597 1430 Disciplina
1614 1390 1707 1433 pacis
1724 1399 1861 1426 nostrae
1873 1405 1977 1439 super
1987 1409 2065 1431 eum

1094 1440 1127 1468 et
1142 1434 1254 1467 livore
1272 1435 1345 1468 eius
1362 1436 1476 1469 sanati
1494 1448 1625 1474 sumuS.
2069 1426 2079 1440 ³

1195 1483 1299 1519 Item:
1335 1485 1426 1519 Vere
1450 1487 1636 1530 languores
1659 1497 1798 1525 nostros
1822 1493 1894 1538 ipse
1918 1496 2018 1539 tulit,
2046 1505 2079 1533 et

53 1528 89 1555 et
111 1519 239 1554 similia
265 1520 445 1553 miracula.
496 1518 541 1553 Et
564 1517 655 1552 hanc
677 1519 873 1552 doctrinam
892 1519 929 1552 in
950 1531 1036 1564 quo·
1093 1534 1233 1568 dolores
1250 1542 1390 1569 nostros
1406 1536 1480 1581 ipse
1498 1539 1661 1582 portavit·

52 1571 187 1606 tidiana
205 1570 430 1604 invocatione
447 1581 677 1603 exerceamus.

158 1619 226 1654 Hie
257 1620 361 1653 etiam
391 1620 583 1659 discamus,
617 1619 702 1664 quid
727 1625 829 1662 agant
855 1618 974 1652 Sancti
1002 1620 1038 1652 in

53 1671 165 1706 coelo.
216 1668 362 1704 Certum
387 1676 437 1703 est
457 1681 532 1710 eos,
558 1669 620 1714 qui
645 1676 727 1703 sunt
751 1670 787 1702 in
813 1669 927 1709 coelo,
954 1670 1039 1702 soli-

52 1722 140 1756 citos
163 1732 235 1755 esse
258 1733 323 1765 pro
338 1718 513 1760 Ecclesia,
541 1727 574 1754 et
593 1732 656 1763 pro
674 1732 712 1753 ea
732 1731 850 1760 orare,
876 1720 964 1753 sicut
982 1717 1039 1753 bic

52 1772 189 1807 Moises
216 1779 250 1806 et
276 1769 373 1805 Elias
401 1770 654 1814 colloquuntur
676 1782 755 1804 cum
778 1770 850 1803 filio
873 1770 960 1808 Dei,
995 1771 1038 1803 de
1063 1777 1068 1828 ἱ
1092 1786 1163 1819 siae
1185 1797 1269 1820 suae
1293 1786 1376 1821 dare
1392 1786 1577 1830 Messinm,
1604 1797 1643 1825 ut
1668 1790 1711 1824 sit
1726 1794 1972 1830 umbraculum
1991 1811 2078 1833 con—

51 1822 163 1866 ipsius
187 1822 347 1866 passione
370 1828 403 1855 et
421 1821 696 1860 resurrectione,
724 1828 757 1855 et
773 1821 815 1854 de
832 1820 1038 1854 collectione
1063 1834 1066 1859 ς

52 1871 249 1911 Ecclesiae,
284 1872 373 1905 sicut
395 1871 510 1905 Lucas
534 1871 637 1905 dicit:
665 1869 970 1916 Colloquebantur
995 1872 1038 1905 de
1064 1870 1066 1875 ’

51 1921 108 1958 his
120 1950 129 1965 ,
155 1935 244 1968 quae
260 1928 426 1956 eventura
445 1928 554 1956 erant.

102 1986 315 2024 Accedentes
338 1984 516 2034 discipuli
536 1985 735 2021 timuerunt
760 1984 885 2030 calda,
917 1991 949 2021 el
975 1998 1038 2020 ac-

154 2036 278 2073 cedens
294 2036 318 2072 I
319 2049 398 2072 esus
417 2037 543 2084 alligit
560 2049 631 2073 eos.

435 2130 650 2175 PropositiO.

153 2206 197 2241 In
212 2204 280 2241 boe
295 2206 454 2250 exemplo
469 2206 682 2250 proponitur
697 2206 855 2240 doctrina
870 2217 971 2250 saepe
981 2218 1036 2239 re-

51 2259 162 2305 petita
183 2259 220 2291 in
244 2258 448 2301 seripturis,
475 2257 625 2296 scilicet,
652 2257 747 2300 quod
772 2253 856 2290 haec
881 2254 1036 2290 bumana
1062 2254 1064 2274 ³

1060 2288 1064 2346 Ξ
1090 2299 1173 2331 dum
1200 2305 1260 2332 est.
1313 2298 1453 2332 Poenae
1475 2307 1556 2333 sunt
1583 2301 1649 2333 iam
1676 2302 1712 2335 in
1740 2314 1946 2349 conspectu,
1975 2310 2073 2343 vidi-

50 2317 178 2345 natura
199 2321 272 2342 non
298 2315 410 2352 potest
433 2307 603 2340 sustinere
620 2305 686 2339 Dei
711 2313 953 2351 conspectum,
979 2307 1035 2340 vel

49 2361 166 2396 Deum
193 2360 393 2405 loquentem
420 2357 632 2391 immediate.

50 2413 126 2446 luta
154 2417 315 2456 peccato,
347 2409 473 2442 metuit
500 2415 532 2441 et
560 2407 648 2451 sugit
680 2407 849 2445 iudicem,
884 2407 971 2440 sicut
997 2408 1034 2440 in

49 2514 217 2558 loquatur
232 2511 334 2545 nobis
350 2510 543 2547 Dominus,
572 2521 616 2542 ne
633 2508 837 2541 moriamur.
895 2506 941 2541 Et
958 2520 1034 2541 cor-

51 2565 96 2598 da
128 2562 347 2606 singulorum
378 2561 414 2594 in
442 2560 630 2605 pavoribus
653 2559 826 2599 sentiunt,
861 2570 964 2603 quam
991 2559 1035 2592 sit

50 2611 224 2648 horribile
239 2612 428 2652 iudicium,
456 2611 542 2644 sicut
559 2611 704 2643 dicitur:
734 2608 828 2642 Deus
844 2609 932 2651 ignis
949 2621 1033 2643 con-

52 2675 194 2699 sumens
222 2670 286 2699 est.
352 2662 439 2697 Item
453 2675 459 2696 ι

694 2355 786 2399 Quia
810 2364 933 2390 natura
959 2357 1035 2400 pol-
1060 2368 1063 2390 a

1060 2397 1063 2411 '
1088 2405 1165 2444 pter
1178 2400 1328 2440 bellum,
1355 2406 1593 2444 paupertatem
1611 2407 1642 2434 et
1660 2404 1787 2437 multas
1803 2407 2034 2446 difficultates.

49 2469 169 2497 monte
187 2461 285 2496 Sinai
303 2460 454 2504 populus
467 2458 570 2492 lsrael
590 2457 747 2502 expavit,
774 2465 806 2491 et
823 2458 926 2490 dixit:
955 2457 1034 2491 Non
1060 2486 1062 2493 .

1194 1583 1241 1618 Et
1261 1584 1386 1619 Esaiae
1401 1587 1434 1620 4.
1463 1595 1648 1622 enarratur
1674 1596 1796 1634 typus:
1833 1592 1932 1629 Sicut
1956 1597 1993 1630 in
2017 1599 2078 1632 de-

1092 1641 1183 1669 serto
1207 1635 1365 1670 interdiu
1390 1637 1503 1670 nubes
1527 1645 1601 1672 erat
1616 1640 1861 1675 umbraculum
1880 1651 1997 1689 tegens
2015 1661 2078 1691 po-

1064 1698 1066 1725 1
1092 1686 1216 1729 pulum
1240 1693 1360 1720 contra
1386 1694 1538 1727 aestum,
1566 1696 1673 1723 noctu
1699 1703 1780 1724 vero
1806 1693 1897 1738 ignis
1922 1700 2078 1734 anteibat

1064 1751 1066 1769 ι
1092 1735 1274 1779 populum.
1328 1736 1380 1770 Ita
1406 1737 1523 1782 inquit
1544 1736 1684 1781 Esaias,
1709 1739 1822 1775 Deum
1846 1746 1935 1779 velle
1955 1746 2078 1783 Eccle-

1091 1842 1143 1869 tra
1174 1843 1320 1871 aestum.
1389 1836 1542 1880 Quando
1577 1837 1643 1874 hoc
1673 1843 1880 1878 umbraculo
1914 1850 2075 1892 tegimur,

1091 1893 1176 1920 tunc
1196 1898 1380 1931 possumus
1396 1889 1519 1922 audire
1536 1888 1649 1923 Deum
1665 1891 1866 1937 loquentem
1879 1923 1888 1937 ‚
1915 1899 1996 1943 quia
2015 1912 2078 1944 per

1091 1934 1186 1970 hunc
1207 1937 1370 1970 audimus
1393 1938 1497 1972 simul
1521 1952 1640 1973 vocem
1663 1942 1943 1988 misericordiae,
1972 1956 2004 1983 et
2020 1951 2077 1984 iu—

1090 1999 1216 2021 vamur
1237 1994 1270 2021 et
1294 1989 1470 2022 donamur
1491 1988 1627 2033 Spiritu
1654 2000 1795 2035 sancto,
1831 1997 1918 2032 sicut
1944 1998 2077 2035 Paulus

1090 2037 1222 2082 inquit:
1251 2037 1403 2082 Spiritus
1421 2051 1523 2084 opem
1541 2041 1607 2075 fert
1623 2041 1818 2079 infirmitati
1840 2055 1988 2083 nostrae.

1192 2095 1268 2129 Hae
1284 2103 1366 2131 sunt
1381 2109 1525 2141 magnae
1541 2111 1614 2139 res,
1641 2113 1730 2145 quae
1747 2102 1783 2135 in
1799 2102 1953 2141 Ecclesia
1970 2116 2074 2144 notae

1089 2157 1162 2179 esse
1188 2147 1329 2183 debent.
1381 2146 1527 2191 Agnitio
1553 2150 1675 2183 iudicii
1692 2159 1724 2186 et
1741 2152 1814 2187 irae
1830 2154 1915 2198 Dei,
1944 2165 1976 2192 et
1994 2172 2074 2194 rur-

1090 2208 1148 2230 sus
1165 2197 1339 2231 mediator
1357 2205 1389 2232 et
1406 2200 1516 2242 gratia
1528 2225 1537 2239 ,
1565 2200 1632 2234 fide
1647 2206 1875 2244 agnoscenda.

1190 2247 1235 2281 Et
1259 2255 1450 2294 utrumque
1468 2249 1503 2282 in
1522 2252 1658 2284 assidua
1677 2252 1901 2290 invocatione
1917 2259 2073 2302 cogitan-

1088 2360 1166 2382 mus
1183 2349 1273 2382 bella
1286 2374 1295 2388 ,
1322 2356 1354 2383 et
1372 2350 1585 2383 sustinemus
1603 2363 1746 2395 magnas
1763 2355 1973 2392 calamitates
1988 2372 2072 2404 pro-

1060 2496 1062 2519 1
1190 2458 1292 2493 Nunc
1307 2459 1466 2503 sequitur
1479 2460 1634 2494 turbatio
1644 2458 1891 2502 Ecclesiarum.
1933 2468 1977 2503 Et
1993 2479 2071 2513 post

1060 2548 1063 2555 Δ
1087 2506 1247 2555 hyemem
1271 2509 1468 2543 existimant
1492 2521 1613 2543 rursus
1629 2509 1839 2556 Hispanicos
1855 2519 2022 2554 exercitus
2038 2530 2071 2557 et

1087 2558 1287 2594 Hussernos
1317 2560 1354 2592 in
1384 2556 1440 2592 his
1463 2559 1666 2603 regionibus
1687 2562 1772 2599 fore.
1831 2565 1925 2601 Ilaec
1949 2572 2068 2607 omnia

1059 2584 1062 2655 l
1088 2618 1167 2645 sunt
1191 2608 1376 2644 horribilia
1401 2621 1506 2653 opera
1531 2610 1602 2644 irae
1619 2609 1697 2648 Dei.
1748 2612 1795 2649 Et
1812 2614 1965 2654 Ecclesia
1988 2623 2069 2657 nul-

507 2660 606 2695 Sicut
630 2660 685 2694 leo
717 2660 883 2694 contrivit
916 2660 1034 2694 omnia
1058 2676 1064 2705 1
1087 2661 1162 2695 lum
1177 2658 1282 2695 habet
1300 2658 1494 2695 humanum
1513 2661 1696 2697 auxilium.

1405 2707 1493 2750 5⁷!
