2409 2915
235 97 311 134 595
328 104 351 121 ²

246 184 394 219 veniunt
417 181 454 214 in
469 190 505 213 se
530 176 634 211 etiam
651 173 891 215 infirmitates,
916 180 950 208 et
972 173 1142 208 libentius
1165 186 1222 208 eas

246 236 416 268 fatentur,
444 236 476 263 et
494 233 618 273 petunt
636 226 772 260 veniam
790 238 809 259 a
826 224 921 265 Deo,
947 231 981 259 et
1003 225 1047 259 ab
1063 222 1222 259 homini-

249 287 322 318 bus.
377 282 413 315 Si
440 281 528 313 aller
552 290 625 311 non
651 277 727 310 vult
749 276 988 314 reconciliari,
1021 283 1139 320 postea
1163 283 1223 309 tua

250 331 461 367 conscientia
493 336 544 363 est
573 335 751 369 excusata,
797 327 825 360 si
857 327 984 371 petiisti
1016 326 1224 360 reconcilia-

250 385 399 420 tionem,
426 381 525 415 Deus
548 379 614 414 erit
637 379 760 418 iudex,
788 384 821 412 et
839 379 952 412 tradet
975 377 1076 411 illum
1100 377 1226 421 impla-

251 434 397 468 cabilem
415 438 449 466 et
472 430 648 465 furiosum
670 426 852 463 hominem
876 427 1012 469 lictori,
1040 428 1101 473 qui
1124 428 1227 461 ducet

249 497 327 519 eum
344 484 381 516 in
401 493 586 517 carcerem.

350 533 445 567 Haec
466 531 627 566 doctrina
652 542 724 563 non
748 530 861 563 solum
883 529 1048 562 discenda
1072 535 1141 566 est,
1167 528 1226 561 sed

252 585 354 619 etiam
372 584 408 617 in
425 584 496 616 vita
513 581 712 616 exercenda.
767 579 904 614 Multae
923 579 1014 613 inter
1030 590 1094 613 nos
1114 579 1227 612 offen-

252 636 367 669 siones
400 634 581 671 incidunt,
622 629 685 664 has
708 630 845 664 debetis
870 641 1010 669 sanare,
1051 637 1084 664 et
1107 636 1228 662 mutua

253 684 538 719 reconciliatione
563 682 683 715 iuvare
714 692 935 715 communem
962 692 1098 724 pacem,
1142 680 1230 712 sicut
1254 699 1256 707 ι

251 744 283 770 et
302 734 448 768 lacobus
470 734 560 766 hene
582 732 714 777 inquit:
741 730 967 766 Confitemini
984 731 1132 764 invicem
1151 742 1229 774 pec·
1255 722 1257 736 ¹

251 792 325 819 cata
351 792 476 818 vestra.

251 835 328 879 Ego
347 835 412 870 tibi
435 834 618 874 condono,
646 832 703 867 Tu
721 839 754 867 et
770 830 857 865 mihi
873 833 1072 866 condonato
1088 839 1232 876 propter
1256 825 1258 862 ,ἶ

251 887 382 925 Deum,
399 892 432 919 et
449 891 594 929 propter
611 884 802 918 Dominum
820 889 979 916 nostrum
998 881 1111 916 Iesum
1126 879 1232 915 Chri-
1256 871 1259 936 ἶ

253 945 363 977 stum,
399 936 480 981 quia
511 933 596 968 haec
627 940 677 968 est
707 934 870 967 voluntas
893 931 978 971 Dei,
1018 939 1057 967 ut
1082 932 1120 965 in
1148 943 1231 976 pace
1256 942 1259 964 z

251 995 370 1022 mutua
389 997 560 1020 vivamus.

353 1035 441 1071 Non
459 1031 716 1069 moechaberis.
768 1031 855 1078 Ego
880 1036 1000 1066 autem
1026 1029 1106 1066 dico
1123 1030 1232 1073 vobis,
1257 1052 1259 1059 ι

252 1085 352 1135 quod
364 1085 502 1126 omnis,
523 1084 589 1133 qui
604 1081 696 1116 videt
715 1083 901 1118 mulierem
916 1081 971 1117 ad
983 1083 1231 1130 concupiscen-

253 1137 338 1172 dum
355 1149 432 1171 eam
445 1165 454 1178 ,
481 1135 555 1169 iam
573 1131 781 1168 moechatus
804 1138 854 1168 est
872 1133 911 1167 in
930 1132 1032 1168 corde
1048 1146 1127 1169 suo,
1256 1151 1258 1169 ς

351 1187 434 1223 Dixi
453 1199 576 1231 supra,
603 1197 709 1232 quare
732 1183 816 1219 haec
835 1185 1010 1219 enarratio
1026 1184 1194 1229 Decalogi
1212 1197 1230 1219 a
1257 1211 1259 1232 Ι

253 1238 392 1275 Christo
416 1238 594 1283 proposita
617 1237 683 1277 sit,
715 1237 846 1270 scilicet
869 1236 951 1281 quia
982 1242 1033 1269 est
1059 1236 1232 1280 interpres

252 1291 354 1334 legis,
382 1296 416 1323 et
431 1288 648 1333 praedicator
670 1287 930 1330 poenitentiae,
958 1293 991 1321 et
1014 1286 1092 1320 vult
1112 1294 1231 1320 osten-
1257 1289 1260 1328 ξ

252 1343 334 1375 dere
357 1351 422 1374 nos
445 1350 568 1373 omnes
591 1349 668 1371 reos
685 1349 776 1379 esse,
800 1345 833 1372 et
855 1334 984 1371 habere
1007 1344 1167 1381 peccata,
1192 1343 1233 1370 ut
1257 1329 1260 1381 1

251 1392 368 1435 agnita
388 1391 439 1424 ira
456 1388 546 1429 Dei,
572 1388 816 1431 confugiamus
830 1388 871 1420 ad
888 1387 1047 1430 gratiam,
1069 1393 1102 1420 et
1120 1387 1232 1420 disca·
1258 1388 1259 1395 ¹

251 1454 329 1475 mus
348 1441 452 1474 aliam
470 1439 643 1472 iusticiam
666 1438 770 1471 nobis
789 1437 1002 1483 propositam
1026 1447 1117 1478 esse,
1148 1449 1231 1481 pro-

250 1492 392 1525 missam
410 1497 553 1535 propter
568 1488 699 1522 Filium
717 1487 793 1530 Dei,
811 1496 844 1523 et
863 1499 927 1521 nos
944 1500 1015 1521 non
1034 1499 1106 1522 esse
1122 1487 1233 1522 iustos

253 1542 458 1587 impletione
476 1540 572 1583 legis.

352 1590 400 1626 Et
424 1601 566 1624 exorsus
585 1596 634 1623 est
649 1588 826 1622 Dominus
849 1599 866 1621 a
885 1589 1025 1621 duobus
1046 1589 1234 1629 mandatis,
1258 1589 1261 1614 ῑ

251 1654 340 1688 quae
365 1641 547 1675 manifeste
573 1639 790 1673 convincunt
819 1648 902 1677 noS‚
936 1650 1014 1671 cum
1043 1639 1234 1684 loquantur

252 1696 296 1727 «le
327 1691 540 1726 inordinatis
576 1690 728 1724 flammis
763 1695 795 1722 et
827 1689 1099 1732 cupiditatibus,
1149 1701 1261 1735 quas¹

251 1745 380 1778 sentire
405 1753 526 1776 omnes
555 1747 588 1775 et
611 1741 766 1775 iudicare
788 1746 953 1784 possunt,
980 1739 1163 1779 videlicet,
1191 1741 1234 1773 de
1260 1744 1262 1767 l

251 1793 447 1828 invidentia
471 1799 505 1827 et
530 1791 639 1832 odiis,
673 1798 706 1826 et
733 1791 777 1824 de
808 1790 943 1824 illicitis
968 1791 1167 1831 amoribus,
1202 1797 1235 1824 et

252 1845 440 1890 cupiditate
455 1842 723 1877 adulteriorum.
1259 1831 1263 1889 l

356 1895 437 1928 ldeo
454 1891 511 1926 hic
534 1893 633 1926 addit
653 1891 911 1924 enarrationem
934 1888 1017 1923 huic
1043 1899 1237 1935 praecepto,

253 1945 334 1980 Non
358 1941 617 1981 moechaberis,
655 1939 762 1974 lianc:
809 1938 939 1974 Omnis
963 1941 1022 1984 qui
1045 1941 1136 1974 videt
1159 1954 1236 1974 mu-
1261 1953 1264 1977 ε

254 1998 372 2030 lierem
398 1996 441 2029 ad
464 1993 782 2037 concupiscendum
807 2003 901 2031 eam,
935 1991 1004 2023 iam
1035 1989 1238 2025 moechatus
1262 2001 1263 2006 ¹

254 2054 315 2083 est.

255 2097 321 2132 Dei
349 2109 421 2130 non
446 2096 559 2129 solum
592 2100 733 2127 externa
755 2091 926 2125 adulteria
952 2089 1130 2135 prohibita
1156 2093 1239 2132 sint,

255 2149 313 2183 sed
334 2148 439 2182 etiam
458 2155 580 2178 omnes
596 2143 788 2177 inordinati
807 2149 934 2177 motus.
968 2140 1013 2176 Et
1032 2144 1123 2187 quod
1144 2142 1239 2176 Deus

257 2199 339 2233 velit
356 2209 416 2231 cor
441 2207 513 2230 esse
531 2202 683 2233 castum,
712 2201 745 2227 et
769 2193 938 2227 obediens
964 2193 1072 2237 ipsius
1095 2194 1180 2237 legi,
1208 2201 1239 2227 et

257 2260 378 2283 amans
398 2247 590 2281 castitatem
607 2245 696 2278 sicut
715 2244 787 2288 ipse
803 2251 866 2278 est.
1264 2228 1269 2304 Ι

830 85 956 125 PHIL.
983 85 1100 126 MEL.
1126 85 1334 124 SCRIPTA
1358 84 1658 124 EXEGETICA.

533 782 590 817 Tu
624 780 731 816 habes
763 788 920 826 peccata,
949 779 1061 815 habeo
1093 788 1126 814 et
1157 763 1259 824 ego-l

1255 981 1260 1046 h
1285 981 1497 1016 iunioribus.

369 2045 443 2079 Hac
465 2043 701 2077 declaratione
729 2041 899 2081 ostendit,
933 2041 1026 2086 quod
1055 2049 1236 2085 praecepto
1262 2025 1265 2057 l

2179 90 2255 127 596

1274 186 1379 208 nemo
1417 175 1528 218 possit
1565 186 1624 209 eos
1653 186 1797 220 prorsus
1830 174 1979 209 exuere?
2025 174 2253 220 Respondeo:

1275 223 1371 258 Ilaec
1399 225 1491 259 dicta
1515 223 1648 260 Christi
1672 238 1744 259 non
1771 234 1852 260 sunt
1877 225 2036 266 inutilia,
2069 227 2152 271 quia
2173 234 2255 262 sunt

1277 275 1554 318 praedicationes
1584 277 1840 320 poenitentiae,
1881 283 1919 310 ut
1951 276 2043 314 dixi,
2090 277 2165 310 vult
2191 289 2256 312 nos

1277 324 1373 360 Deus
1394 336 1599 368 agnoscere,
1625 328 1718 371 quod
1744 327 1854 360 simus
1875 327 1978 359 mersi
2004 326 2041 359 in
2066 333 2256 374 peccatum,

1278 382 1312 409 et
1334 375 1384 408 rei
1407 376 1552 420 peccati.
1608 375 1656 411 Et
1680 377 1756 412 vult
1779 389 1844 411 nos
1867 378 2003 418 dolere,
2030 383 2065 410 et
2089 388 2162 410 non
2185 387 2258 410 esse

1279 427 1410 460 ferreos
1434 432 1468 460 et
1490 437 1648 467 securos,
1684 429 1783 473 quasi
1814 428 1923 462 simus
1953 427 2034 462 iusti
2066 433 2100 461 et
2131 426 2257 461 mundi

1279 483 1399 511 nostra
1421 477 1615 518 munditie,
1654 484 1685 511 et
1708 479 1785 512 vult
1817 491 1881 512 nos
1911 490 2077 524 quaerere
2101 477 2261 521 gratiam,

1281 535 1315 561 et
1339 527 1481 561 credere
1512 528 1607 572 quod
1639 535 1780 572 propter
1811 529 2052 573 mediatorem,
2071 529 2176 563 detur
2204 539 2260 561 re-

1280 577 1401 612 missio
1420 585 1637 621 peccatorum
1649 605 1658 619 ‚
1684 585 1717 612 et
1734 586 1937 623 reputemur
1954 579 2049 614 iusti.

1382 626 1430 662 Et
1457 630 1600 673 quando
1624 641 1743 662 sumus
1765 629 1925 663 conversi
1950 631 1994 664 ad
2018 629 2151 668 Deum,
2184 628 2260 662 vult

1282 690 1348 712 nos
1363 678 1502 712 frenare
1521 686 1660 713 nostros
1676 687 1802 720 motus,
1826 686 1858 713 et
1874 680 1949 714 vult
1965 692 2031 714 nos
2048 692 2120 714 non
2138 686 2261 713 contra

1283 729 1531 763 conscientiam
1543 730 1698 775 polluere
1709 741 1774 763 nos
1784 731 1993 764 scortatione
2005 731 2059 764 vel
2068 730 2262 765 adulteriis.

1382 779 1484 814 lianc
1503 781 1700 814 doctrinam
1716 782 1758 814 de
1776 787 1936 825 peccato,
1963 781 2090 823 gratia,
2117 787 2150 814 et
2167 791 2260 813 nova

1284 830 1482 863 ohedientia
1513 842 1613 875 saepe
1643 831 1730 865 alias
1757 831 1899 866 auditis.
1957 830 2005 865 Et
2032 832 2135 866 debet
2162 831 2263 864 vobis

1284 881 1450 914 omnibus
1466 889 1547 916 nota
1564 893 1646 914 esse.

1386 930 1452 964 Hic
1477 932 1582 965 etiam
1606 933 1698 965 addo
1727 932 1870 965 brevem
1895 932 2173 967 admonitionem
2197 943 2262 975 pro

1571 982 1704 1017 Scitote
1745 983 1917 1016 adulteria
1957 989 1991 1017 et
2037 982 2266 1017 scortationes

1286 1043 1409 1075 magna
1428 1040 1564 1076 peccata
1584 1044 1668 1074 esse,
1690 1039 1722 1067 et
1737 1045 1754 1066 a
1771 1032 1845 1066 Deo
1861 1033 1936 1066 sine
1953 1033 2027 1067 ullo
2044 1033 2266 1067 dubitatione

1285 1083 1421 1125 magnis
1456 1084 1579 1127 poenis
1611 1083 1752 1126 puniri,
1801 1084 1880 1128 Qut}
1912 1083 1998 1119 &ott
2029 1087 2133 1129 guttae
2163 1082 2264 1122 zaab,

1285 1132 1404 1175 &teth
1432 1134 1495 1168 tmb
1521 1135 1568 1170 bic
1584 1135 1702 1177 ssbetet·
1726 1134 1858 1178 sttoffct.

1388 1182 1439 1217 De
1466 1182 1522 1218 his
1545 1186 1666 1230 poenis
1688 1186 1840 1230 primum
1866 1185 1953 1218 dicit
1976 1195 2134 1229 expresse
2155 1189 2268 1218 textus

1285 1234 1328 1267 ad
1360 1232 1531 1269 Ebraeos:
1577 1235 1794 1270 Scortatores
1828 1243 1860 1270 et
1888 1235 2068 1269 adulteros
2098 1233 2271 1268 iudicabit

1285 1284 1392 1319 Deus.

1386 1334 1431 1368 Et
1444 1334 1594 1370 Levitici
1615 1337 1672 1372 18.
1690 1337 1822 1371 dicitur
1837 1337 1879 1369 de
1898 1335 2065 1369 omnibus
2080 1332 2270 1383 prohibitis

1258 1405 1259 1433 3
1285 1384 1402 1418 modis
1417 1387 1726 1421 commixtionum:
1764 1385 1894 1420 Omnis
1911 1386 2028 1419 anima
2045 1397 2134 1430 quae
2149 1383 2269 1418 fecerit

1285 1435 1372 1468 tales
1403 1436 1706 1478 abominationes,
1747 1437 1876 1481 peribit
1911 1437 1954 1469 de
1983 1437 2101 1469 medio
2132 1435 2268 1479 populi.

1285 1484 1468 1520 Custodite
1485 1488 1647 1522 mandata
1665 1500 1757 1525 mea,
1786 1500 1828 1520 ne
1846 1494 1935 1521 terra
1954 1498 2014 1520 vos
2037 1493 2194 1526 evomat,
2221 1485 2271 1518 si-

1258 1549 1260 1581 ¹,
1286 1543 1344 1569 cut
1363 1537 1518 1571 evomuit
1539 1544 1676 1581 gentes,
1706 1550 1794 1584 quae
1812 1537 1909 1581 prius
1928 1537 2007 1570 talia
2026 1537 2194 1570 fecerunt.

1389 1586 1460 1620 Nec
1488 1589 1650 1622 dubitare
1683 1589 1836 1628 debetis,
1873 1588 1962 1635 quin
1984 1586 2079 1620 Deus
2103 1586 2205 1619 bellis
2237 1592 2272 1620 et

1288 1637 1425 1679 magnis
1449 1639 1706 1673 vastationibus
1730 1639 1854 1684 puniat
1880 1637 2052 1671 adulteria
2083 1644 2117 1671 et
2142 1635 2273 1670 similia

1287 1687 1428 1722 delicta.

1386 1736 1523 1782 Scripta
1542 1745 1622 1772 sunt
1639 1739 1742 1772 etiam
1760 1739 1916 1783 exempla
1932 1739 1974 1771 ad
1986 1737 2140 1780 regulam
2156 1743 2274 1771 osten·

1289 1788 1453 1822 dendam.

1394 1838 1426 1872 1.
1460 1837 1555 1872 Deus
1587 1839 1726 1884 punivit
1757 1839 1930 1872 mundum
1963 1837 2101 1870 diluvio
2129 1843 2273 1881 propter

1290 1887 1474 1924 adulteria.

1391 1941 1426 1974 2.
1461 1939 1615 1973 Sodoma
1648 1939 1843 1983 perierunt,
1891 1944 1924 1972 et
1961 1943 2105 1981 propter
2145 1936 2272 1970 similia

1291 1988 1417 2022 delicta
1445 2002 1539 2024 nunc
1565 1996 1636 2024 tota
1661 1990 1766 2030 Asia,
1793 1988 1989 2034 Aegyptus,
2018 1986 2166 2021 Graecia
2191 1993 2272 2021 sunt

1292 2045 1437 2073 vastata.

1394 2090 1428 2123 8.
1453 2089 1559 2125 Num.
1580 2090 1641 2126 25.
1674 2089 1769 2123 lubet
1789 2088 1885 2123 Deus
1908 2088 2075 2131 suspendi
2100 2087 2275 2132 principes

1294 2140 1417 2183 populi
1453 2139 1580 2180 lsrael,
1620 2149 1651 2175 et
1689 2141 1899 2174 occiduntur
1935 2146 2110 2183 praeterea
2146 2137 2274 2182 viginti

1294 2199 1446 2235 quatuor
1465 2192 1574 2224 millia
1594 2190 1797 2230 bominum,
1826 2198 1968 2235 propter
1983 2189 2223 2225 scortationes.

1394 2241 1478 2274 ltem
1502 2243 1614 2275 trihus
1639 2242 1823 2276 Beniamin
1857 2253 1945 2286 pene
1976 2248 2046 2274 tnta
2079 2241 2191 2275 deleta
2213 2246 2276 2280 est,

362 2298 510 2332 Accusat
530 2297 635 2341 igitur
659 2306 723 2329 nos
749 2306 888 2336 omnes,
915 2295 1008 2339 quod
1036 2306 1108 2327 non
1133 2293 1242 2328 simus
1267 2326 1269 2334 ,
1296 2291 1376 2333 quia
1402 2291 1546 2327 Nobiles
1575 2294 1719 2339 quidam
1752 2298 1995 2337 stuprari-rant
2020 2291 2161 2325 Levitae
2191 2302 2274 2325 con·

259 2351 353 2385 tales.

667 2433 836 2459 obiectio.

364 2499 432 2533 Hie
456 2499 583 2533 iterum
602 2503 715 2544 potest
739 2495 892 2529 obiicere
918 2492 1025 2528 homo
1050 2497 1241 2530 secundum
1268 2516 1269 2519 =

265 2552 441 2597 politicam
459 2548 682 2593 sapientiam,
708 2546 782 2589 nod)
798 2548 848 2581 ber
866 2547 951 2582 §mett
969 2547 1119 2588 tveissbeit.
1266 2558 1270 2620 l

367 2603 485 2643 Quare
502 2600 644 2644 prodest
665 2610 861 2642 proponere
880 2605 1058 2642 praeci-pta
1083 2597 1243 2642 impossi-
1267 2625 1269 2632 ,

267 2653 376 2687 bilia?
415 2652 488 2686 Cur
514 2647 747 2695 prohibentur
780 2648 973 2682 inordinati
1004 2654 1137 2687 motus.
1165 2662 1241 2683 cuin
1266 2681 1269 2687 ,

1297 2354 1423 2385 iugem.

1402 2392 1485 2427 ltem
1515 2393 1626 2426 David
1660 2401 1802 2439 propter
1824 2393 2036 2426 adulterium
2058 2390 2274 2426 horribiliter

1298 2443 1442 2487 punitus
1466 2451 1527 2479 est.
1589 2443 1632 2478 Et
1657 2445 1744 2478 sicut
1772 2445 1844 2488 ipse
1870 2444 2015 2477 alterius
2039 2443 2104 2477 viri
2130 2453 2274 2477 uxorem

1297 2495 1442 2537 polluit,
1472 2496 1517 2529 ita
1543 2495 1693 2529 vicissim
1712 2493 1806 2528 Dens
1829 2494 1986 2539 permisit
2009 2494 2119 2540 pollui
2151 2504 2276 2527 uxores

1298 2557 1416 2589 tpStllS.

1398 2594 1440 2629 Et
1462 2595 1575 2630 videto
1593 2595 1741 2628 s-nuilins
1766 2607 1887 2638 regum
1912 2601 1942 2629 et
1967 2594 2185 2639 principum.
2212 2595 2275 2628 uhi

1296 2648 1477 2680 manifesta
1496 2647 1652 2690 exempla
1670 2654 1768 2684 sunt.
1796 2647 1891 2693 quod
1909 2645 2001 2680 Deus
2019 2644 2120 2690 punit
2137 2652 2275 2690 peccat·
