2409 2915
265 99 360 137 1051

267 234 446 280 agnitione
462 230 529 265 Dei
546 230 590 263 ad
604 229 792 272 imaginem
813 227 898 261 eius.
950 225 1018 260 Sed
1043 223 1128 260 haec
1151 225 1256 270 spiri-

269 285 425 321 tualibus
439 282 692 325 relinquemus,
744 278 816 312 Nos
831 276 930 311 stulti
947 276 1159 321 arripiamus
1172 288 1257 310 con-

269 335 456 370 sessionem
472 330 676 372 Trinitatis,
712 336 745 363 et
768 330 806 362 in
830 328 890 361 illa
915 328 1108 371 gloriemur
1131 328 1259 361 adver-

270 398 327 420 sus
357 390 475 429 portas
505 381 622 417 inferi.
689 378 738 414 Et
763 378 847 414 haec
872 379 916 412 de
940 379 1108 424 mysterio
1133 377 1260 412 Trini-

272 436 352 471 tatis
367 433 427 481 22).

440 524 490 560 In
515 522 698 572 principio
725 526 802 556 erat
833 519 997 559 Verbum
1021 526 1083 557 etc.

860 89 987 128 PHIL.
1013 87 1133 127 MEL.
1157 88 1365 126 SCRIPTA
1390 88 1690 127 EXEGETICA.

266 195 383 220 senses
408 181 512 216 tertio
535 178 667 213 Paulus
687 176 881 222 Apostolus
905 175 972 209 ait:
1001 175 1166 210 renovari
1189 186 1254 208 nos
1282 182 1288 226 1

2195 89 2293 128 1052

1480 173 1535 209 Et
1560 173 1720 212 Verbum
1750 179 1825 210 erat
1851 173 1957 224 apud
1979 173 2115 210 Deum.

1412 241 1554 278 Scilicet
1583 244 1699 288 imago
1731 250 1898 289 concepta
1927 242 2219 291 consyderatione
2233 255 2296 289 pa-

1283 309 1287 331 ι
1312 293 1395 335 tris,
1429 294 1526 338 quod
1552 292 1727 329 Iohannes
1754 296 1921 337 verbum,
1956 293 2150 340 Apostolus
2171 294 2297 339 imagi-

1312 356 1393 377 nem
1411 351 1532 385 vocat,
1558 345 1672 388 imago
1690 346 1754 379 filii
1769 353 1821 380 est
1836 346 1910 391 ipsa
1926 346 2041 390 imago
2057 345 2178 391 patris.

1414 393 1521 438 Quod
1537 393 1642 442 apud
1654 395 1768 430 Deum
1785 397 1889 437 dicit,
1916 408 1989 430 non
2014 394 2053 429 in
2066 395 2142 430 Deo
2153 423 2163 437 ,
2187 395 2299 439 signi-

1313 444 1410 486 ficat,
1437 445 1702 480 discernendam
1720 458 1792 480 esse
1814 459 2000 492 personam
2024 453 2058 481 et
2081 447 2186 480 aliam
2201 457 2219 480 a
2237 457 2300 490 pa-

1314 502 1378 531 tre.
1431 494 1476 530 Et
1495 495 1640 530 Graecis
1656 496 1694 530 in
1709 496 1756 542 25)
1771 499 1982 543 praepositio
1999 496 2301 532 dissimilitudinis

1286 558 1289 596 g
1315 552 1377 587 est,
1401 553 1441 580 ut
1456 548 1618 582 videatur
1634 548 1765 581 dicere:
1791 546 1839 582 Et
1854 556 1927 584 erat
1941 549 2054 582 simile
2068 547 2145 582 Dei.
2191 546 2302 591 Quod

372 602 470 637 Duas
486 608 628 635 naturas
650 599 689 632 in
706 596 846 633 Christo
870 599 919 633 sic
936 597 1104 632 discernit
1120 595 1262 634 Paulus,
1287 601 1290 662 ,
1316 597 1344 630 si
1363 597 1477 631 simile
1495 606 1545 633 est
1560 599 1722 639 verbum,
1749 598 1847 633 aliud
1866 610 1885 633 a
1905 597 2024 644 partre'
2037 598 2086 647 ¹²⁶)
2105 599 2148 632 sit
2161 607 2302 632 necesse

272 656 456 691 Romanos
477 652 610 697 primo:
645 649 699 684 De
721 648 795 684 filio
821 661 904 691 suo,
931 649 992 695 qui
1017 655 1121 682 natus
1147 654 1198 681 est
1223 658 1263 680 ex
1288 676 1292 703 Ι
1317 653 1378 682 est.

1440 647 1547 691 Quod
1577 649 1606 682 si
1628 649 1725 683 aliud
1750 656 1820 691 est,
1861 655 1895 683 et
1916 656 2035 684 tamen
2069 657 2150 684 ante
2179 658 2302 683 omnes

273 706 407 740 semine
428 702 544 738 David
567 701 761 735 secundum
784 712 942 741 carnem,
984 699 1045 745 qui
1069 698 1264 732 declaratus
1288 709 1292 764 ἕ
1317 705 1490 733 creaturas
1507 706 1568 741 est,
1591 706 1624 734 et
1638 706 1718 734 ante
1735 712 1840 734 omne
1857 700 2088 745 principium:
2116 698 2302 744 ergoDeus

274 763 326 791 est
343 767 414 789 esse
434 754 545 787 filium
561 751 629 787 Dei
646 752 683 785 in
701 752 856 796 potentia
881 752 1073 785 secundum
1098 749 1262 793 spiritum
1317 750 1362 784 sit
1377 761 1514 784 necesse
1530 757 1593 787 est.

275 804 570 842 sanctificationis.
606 802 688 846 Quo
704 802 782 836 loco
798 802 1040 836 infirmitatem
1063 800 1171 837 carni,
1199 811 1262 842 po-

275 858 422 893 tentiam
438 862 471 889 et
487 853 772 888 sanctificationis
790 853 953 897 spiritum
970 846 1265 885 divinitatiChri-

275 909 319 943 sti
345 907 482 941 tribuit.
540 904 660 948 Quare
683 916 763 937 curn
791 915 809 936 a
835 903 1021 936 divinitate
1045 901 1184 934 orditur
1209 898 1267 933 Ιο-

276 957 432 999 hannes,
460 956 624 1000 erigenda
642 955 726 988 fides
743 961 812 992 est,
836 960 876 988 ut
893 953 1094 993 credamus,
1120 951 1186 985 Dei
1203 962 1267 995 po-

277 1010 422 1044 tentiam
440 1019 512 1041 esse
528 1007 564 1039 in
584 1003 739 1045 Christe,
766 1016 834 1049 qua
852 1004 951 1037 nulla
969 1009 1126 1037 creatura
1145 1002 1189 1035 sit
1205 1012 1267 1035 su-

277 1061 413 1106 perior,
446 1069 560 1102 neque
583 1055 804 1093 dubitemus,
840 1055 927 1100 quin
953 1054 1117 1088 voluntas
1134 1051 1200 1086 Dei
1224 1052 1269 1085 sit

276 1111 455 1145 remittere
475 1107 520 1152 23)
553 1113 710 1151 peccata,
751 1106 832 1150 quia
856 1103 1039 1144 Christus,
1082 1104 1143 1150 qui
1172 1102 1269 1137 Deus

279 1169 346 1203 est,
373 1158 566 1194 annunciat
582 1156 825 1191 remissionem
844 1162 1083 1201 peccatorum.

378 1225 561 1259 Postremo
581 1229 621 1257 ut
640 1222 823 1256 credamus
846 1222 1016 1256 salutares
1039 1221 1172 1254 formas
1197 1230 1270 1252 esse

278 1279 410 1312 formas
437 1274 570 1316 crucis,
605 1273 780 1318 siquidem
805 1271 873 1306 Dei
897 1279 989 1306 sunt.
1042 1271 1163 1316 Neque
1187 1281 1271 1303 vero

280 1328 432 1362 Ioannes
466 1331 653 1360 contentus
682 1330 734 1358 est
765 1324 934 1358 brevibus
958 1323 1075 1357 verbis
1098 1322 1272 1355 indicasse

281 1379 504 1413 divinitatem
528 1373 682 1416 Christi,
715 1375 776 1407 sed
799 1386 862 1418 per
883 1374 1012 1407 multas
1036 1373 1270 1406 circumstan-

281 1431 347 1465 tias
377 1427 562 1467 describit,
606 1431 639 1458 et
670 1431 710 1458 ut
738 1424 1014 1467 intelligeretur,
1047 1423 1143 1468 quod
1166 1422 1269 1461 filius,

282 1492 357 1514 non
384 1476 705 1512 communicatione
728 1475 884 1509 nominis
907 1475 996 1508 sicut
1012 1472 1139 1507 Ariani
1156 1483 1273 1505 sense-

283 1537 390 1571 runt,
422 1529 482 1562 sed
505 1534 631 1561 natura
656 1525 751 1560 Deus
774 1532 844 1566 est,
887 1532 921 1559 et
943 1532 982 1559 ut
1005 1530 1274 1567 cognosceretur

283 1581 472 1616 discrimen
491 1588 743 1624 personarum,
771 1582 805 1610 et
829 1573 935 1610 huius
964 1582 1089 1609 natura
1113 1574 1169 1608 vel
1185 1573 1274 1607 ratio

283 1630 454 1677 operandi
471 1630 507 1662 in
526 1628 694 1662 creaturis
709 1627 772 1669 ²⁹²).

386 1698 483 1733 Dicit
501 1708 598 1741 ergo:
628 1694 670 1729 In
689 1694 864 1740 principio
883 1700 956 1728 erat
973 1692 1153 1736 Verbum,
1181 1691 1277 1725 scili-

286 1759 337 1786 cet
355 1750 496 1796 quando
521 1747 627 1782 condi
652 1752 831 1780 creaturae
857 1751 1039 1789 ceperunt.
1093 1744 1187 1778 Iusta
1205 1741 1278 1776 Ge-

287 1814 362 1836 nes.
386 1802 419 1835 1.
445 1801 480 1833 in
506 1797 681 1843 principio
710 1796 841 1831 creavit
862 1795 955 1830 Deus
981 1795 1118 1829 coelum
1147 1801 1181 1828 et
1205 1801 1276 1828 ter-

288 1866 374 1887 ram.
428 1851 469 1885 ln
497 1850 559 1883 illo
581 1848 757 1897 principio
786 1854 877 1887 erat,
913 1847 948 1879 id
973 1853 1045 1887 est,
1080 1853 1166 1880 tunc
1191 1851 1278 1886 erat,

288 1903 430 1949 quando
466 1907 644 1934 creaturae
685 1899 790 1932 condi
820 1899 1045 1941 inceperunt:
1096 1907 1177 1938 ergo
1199 1903 1279 1929 ante

290 1965 394 1988 omne
410 1951 625 1997 principium
641 1956 878 1983 creaturarum
902 1947 1007 1980 suerit
1024 1945 1119 1980 Deus
1142 1958 1279 1979 necesse

290 2013 351 2039 est.
407 2003 479 2036 lam
497 2013 576 2035 cum
592 2002 635 2034 de
653 1997 720 2033 hoc
744 1999 920 2043 principio
939 1998 1128 2041 cogitatur,
1157 1997 1228 2030 itur
1244 1997 1279 2030 in

291 2057 432 2091 abvssos
462 2051 692 2087 aeternitatis:
729 2047 787 2083 hic
814 2050 880 2083 fide
911 2049 946 2081 in
977 2049 1138 2083 tenebras
1164 2048 1280 2092 ingre·

292 2096 463 2140 diendum
497 2110 562 2144 est,
605 2113 694 2148 quae
724 2101 847 2141 sentit,
901 2107 980 2134 ante
1022 2100 1159 2139 omnia,
1203 2105 1281 2143 post

293 2158 411 2191 omnia
445 2162 476 2188 et
507 2155 545 2190 in
578 2153 744 2187 omnibus
775 2163 847 2185 esse
871 2149 997 2186 Deum.
1058 2150 1156 2184 Sicut
1185 2157 1217 2184 et
1244 2150 1281 2182 in

293 2215 403 2241 morte
429 2219 500 2239 non
524 2205 621 2238 videt
643 2203 751 2243 ratio,
778 2215 849 2248 quo
877 2202 1160 2239 concedendum,
1195 2201 1280 2245 qnid

293 2261 451 2293 futurum
471 2257 532 2296 sit,
560 2256 619 2289 sed
645 2255 728 2287 fides
745 2260 810 2287 stat
830 2253 1042 2291 immobilis,
1070 2250 1159 2285 nihi!
1177 2253 1282 2285 ‹lubi-

293 2318 390 2349 tans,
424 2309 509 2353 quin
536 2306 755 2349 ingrediatur
780 2305 814 2337 in
839 2302 965 2338 Deum.
1032 2302 1103 2336 lam
1130 2301 1195 2336 hoc
1220 2316 1283 2346 po-

295 2360 425 2394 tentius
443 2366 490 2392 cst
511 2358 605 2403 quod
625 2354 681 2390 bic
698 2353 858 2389 (hristus
883 2362 915 2388 et
939 2367 977 2388 ea
1003 2366 1169 2399 persona,
1196 2367 1283 2399 quac

295 2424 375 2445 caro
397 2411 484 2444 facta
507 2416 575 2448 est,
617 2419 706 2453 quae
734 2414 852 2441 nostra
876 2412 943 2447 cst,
977 2406 1006 2439 is
1029 2404 1124 2439 Deus
1146 2412 1213 2445 est,
1248 2406 1283 2437 in

295 2474 397 2508 quem
416 2459 686 2504 ingrediendum
705 2459 759 2493 sit.

333 2610 379 2633 22»
399 2610 538 2633 adu-crtus
560 2621 589 2625 —
613 2609 784 2634 Trinilneiel
804 2607 901 2629 ‹tr-unt
921 2607 946 2629 in
968 2606 1036 2631 libro
1057 2607 1121 2630 Tub.

335 2644 383 2668 2³)
403 2644 458 2666 Tnt·
487 2645 555 2673 quia
576 2644 726 2667 rann-tuae
748 2643 800 2667 Du
820 2643 861 2666 εἰ(
882 2643 1079 2666 remittantur.

335 2678 383 2705 2⁸)
402 2678 467 2701 rub.
487 2679 648 2702 erraturae.

1557 820 1611 856 Et
1639 821 1743 857 Deus
1771 827 1849 857 erat
1884 820 2058 859 Verbum.

1419 889 1489 924 Hic
1506 891 1602 925 velut
1616 889 1789 936 Epilogus
1805 898 1856 926 est
1876 891 2110 936 superiorum.
2161 889 2252 924 Nam
2275 890 2306 924 si

1320 942 1359 975 in
1374 941 1550 986 principio
1574 942 1642 976 suit
1659 943 1824 986 verbum,
1852 942 1881 975 si
1899 942 1992 987 apud
2008 942 2126 976 Deum
2141 941 2210 976 fuit
2225 947 2306 975 ante

1321 1004 1444 1027 omnes
1461 999 1657 1034 creaturas,
1683 1003 1822 1027 necesse
1843 999 1893 1027 est
1917 999 1956 1027 ut
1979 992 2024 1027 sit
2041 990 2147 1026 Deus.
2199 990 2308 1035 Quod

1322 1051 1438 1078 autem
1457 1047 1535 1076 erat
1560 1043 1668 1084 dixit,
1701 1057 1773 1078 uno
1795 1044 1902 1077 verbo
1926 1043 2165 1088 potentissime
2179 1040 2309 1076 Arium

1321 1094 1503 1139 reprimit,
1542 1107 1624 1128 nam
1655 1095 1764 1129 Arius
1797 1095 1955 1136 dicebat,
1988 1091 2170 1128 Christum
2193 1091 2311 1127 Deum

1323 1145 1642 1180 communicatione
1658 1145 1903 1190 appellationis
1919 1145 2050 1184 vocari,
2075 1157 2149 1178 non
2166 1150 2311 1178 natura:

1323 1203 1357 1231 et
1395 1196 1630 1241 appellatione
1661 1197 1726 1231 Dei
1758 1203 1983 1230 consecutum
2020 1194 2312 1240 glorificationem

1324 1247 1442 1292 patris.
1503 1246 1608 1281 Nunc
1642 1260 1721 1281 cum
1746 1246 1897 1281 Ioannes
1935 1247 2039 1285 dicit,
2086 1246 2131 1279 ab
2166 1251 2310 1279 aeterno

1324 1298 1473 1332 verbum
1515 1298 1622 1332 fuisse
1653 1297 1786 1337 Deum,
1834 1295 1927 1331 nihil
1967 1297 2059 1332 valet
2093 1295 2173 1330 Arii
2215 1307 2313 1330 tom-

1325 1356 1494 1383 mentum.

1444 1420 1524 1456 Hoc
1551 1426 1628 1456 erat
1656 1434 1694 1454 m
1721 1420 1903 1469 principio
1929 1419 2034 1468 apud
2058 1400 2194 1456 Deum.

1429 1490 1587 1524 Finierat
1610 1491 1854 1536 syllogismum
1879 1491 2033 1534 primum
2058 1490 2101 1522 de
2126 1488 2313 1523 divinitate

1327 1541 1412 1582 filii,
1436 1549 1470 1575 et
1494 1553 1574 1574 cum
1599 1541 1636 1574 in
1652 1541 1879 1574 conclusione
1903 1540 2092 1585 posuisset:
2120 1539 2216 1573 Deus
2241 1545 2317 1573 erat

1329 1593 1495 1633 verbum,
1522 1592 1637 1626 statim
1649 1619 1658 1632 ‚
1692 1603 1736 1624 ne
1763 1591 1843 1636 quis
1857 1603 1963 1624 unam
1982 1602 2167 1635 personam
2183 1596 2244 1624 aut
2259 1589 2317 1623 ni-

1329 1640 1382 1676 hil
1398 1655 1416 1676 a
1436 1649 1533 1686 patre
1551 1643 1757 1676 distinctum
1776 1649 1862 1676 esset
1878 1642 2025 1676 verbum
2044 1641 2228 1681 iudicaret,
2253 1640 2317 1674 ad-

1331 1694 1398 1728 dit:
1426 1692 1505 1727 Hoc
1524 1700 1596 1727 erat
1621 1694 1714 1738 apud
1731 1692 1858 1729 Deum.
1912 1691 1989 1726 Hoc
2011 1691 2143 1726 scilicet
2160 1691 2320 1730 verbum,

1331 1745 1427 1791 quod
1445 1751 1495 1778 est
1511 1743 1625 1785 Deus,
1653 1751 1726 1777 erat
1743 1744 1837 1788 apud
1856 1751 2010 1788 patrem,
2040 1743 2075 1776 id
2093 1749 2162 1783 est,
2188 1741 2318 1787 nonffl)

1332 1802 1405 1830 erat
1420 1796 1492 1840 ipse
1511 1802 1628 1840 pater,
1654 1796 1712 1828 sed
1734 1796 1828 1839 apud
1846 1801 1980 1838 patrem
1997 1800 2089 1835 erat,
2117 1801 2150 1827 et
2166 1793 2240 1838 ipsa
2256 1804 2320 1838 pa-

1332 1847 1396 1881 tris
1412 1847 1540 1890 imago.
1593 1845 1639 1880 Et
1657 1846 1693 1878 in
1711 1845 1886 1894 principio
1910 1852 1983 1879 erat
2006 1846 2100 1888 apud
2120 1843 2257 1885 Deum,
2282 1843 2320 1878 id

1333 1905 1402 1939 est,
1428 1904 1652 1931 coaeternum
1677 1897 1824 1930 verbum
1847 1903 1897 1930 cst
1923 1896 2013 1941 patri
2027 1895 2085 1941 ⁸²⁸).
2138 1894 2256 1940 Atque
2272 1895 2321 1929 ita

1334 1949 1399 1983 tria
1416 1947 1480 1982 hac
1496 1949 1595 1982 brevi
1611 1949 1783 1982 sententia
1800 1947 2002 1992 complexus
2019 1953 2080 1987 est,
2110 1946 2265 1991 primum
2282 1945 2319 1978 in

1335 2012 1374 2033 eo
1391 2001 1484 2045 quod
1505 1999 1608 2033 dicit:
1638 1997 1734 2039 llos,
1763 1999 1866 2032 refert
1883 1998 2078 2042 proximam
2097 1996 2323 2037 sententiam,

1335 2051 1482 2084 verbum
1500 2049 1614 2084 Deum
1641 2062 1732 2089 csse,
1759 2057 1790 2083 rt
1810 2049 1908 2083 verbi
1930 2049 2152 2082 divinitatem
2173 2048 2322 2089 indicat;

1335 2103 1431 2147 quod
1447 2102 1547 2135 dicit:
1576 2099 1624 2134 In
1640 2100 1824 2147 prinsipio
1841 2104 1918 2133 erat
1944 2096 2049 2146 apud
2069 2097 2212 2140 Deum,
2241 2098 2324 2133 facit

1336 2153 1425 2197 patri
1467 2159 1692 2186 coaeternum
1727 2153 1892 2187 verbum:
1943 2152 2039 2197 quod
2073 2151 2173 2185 dicit:
2214 2146 2327 2197 Apud

1335 2202 1479 2243 Deum,
1502 2211 1600 2237 notat
1617 2203 1805 2237 discrimen
1825 2214 2066 2247 personarum.

1388 2275 1528 2311 Omnia
1555 2290 1618 2325 ptr
1643 2277 1760 2325 ipsum
1785 2277 1897 2325 sacta
1930 2280 2035 2317 sune,
2081 2281 2111 2309 e!
2139 2274 2218 2309 sine
2247 2275 2326 2322 ipso

1432 2329 1580 2378 finctum
1595 2334 1644 2363 cst
1662 2326 1778 2366 nihil.
1807 2325 1907 2376 quod
1917 2328 2066 2377 sactum
2084 2331 2174 2361 erat.

1440 2395 1487 2432 Et
1504 2395 1570 2431 lioc
1585 2405 1830 2443 argumentum
1849 2395 2044 2430 divinitatis
2060 2394 2124 2428 filii
2142 2400 2202 2430 est.
2237 2392 2327 2428 Nam

1340 2450 1368 2483 si
1385 2449 1504 2483 omnia
1525 2461 1586 2493 pcr
1602 2450 1748 2483 verbum
1766 2449 1853 2483 sacta
1870 2446 1969 2485 sunt.
1997 2458 2078 2490 ergo
2096 2446 2169 2491 ipse
2186 2457 2259 2479 non
2276 2452 2327 2480 est

1376 2571 1424 2598 25)
1445 2570 1489 2597 ιἠΙ
1510 2569 1610 2592 habent
1629 2567 1701 2594 libri,
1722 2567 1769 2590 scd
1790 2570 1855 2597 puto
1875 2571 1925 2595 pro
1945 2567 1974 2589 in
1995 2564 2083 2595 potins
2101 2571 2135 2589 m
2154 2563 2327 2588 scrib-ndn-

1375 2611 1541 2669 fflgxy-»l-v'trel
1560 2638 1626 2661 Tub.
1648 2637 1713 2661 Deo.

1376 2675 1423 2699 28)
1442 2673 1505 2697 Tub.
1522 2674 1611 2704 ‚mter

1820 2635 1867 2662 ⁴1⁷)
1887 2642 1942 2659 nnn
1960 2635 2036 2659 abent
2056 2639 2072 2658 ι
2090 2633 2154 2657 rub.
