2409 2915
92 92 191 129 1185

88 190 230 213 monem
245 179 440 223 creditum,
466 179 502 213 id
527 185 595 221 est,
620 179 775 213 mundos
801 191 873 214 esse
893 180 1068 226 Apostolo

88 237 270 275 propterea
282 257 291 271 ‚
319 229 401 276 quia
419 241 617 263 sermonem
635 227 769 264 Christi
786 232 940 266 credant.

374 91 454 130 XIL

331 310 486 361 Propter
509 324 707 348 sermonem
735 318 797 349 etc.
814 313 846 361 ²)

190 381 427 416 Memorabile
455 387 524 421 est,
554 382 649 426 quod
678 379 744 415 hoc
769 382 846 415 loco
867 382 1020 426 disputat
1039 383 1080 415 de

88 433 326 468 Sacramentis
341 431 574 474 Augustinus,
628 431 700 466 Cur
718 430 775 466 hic
792 430 953 466 Christus
971 433 1078 466 dicat:

86 483 236 528 Propter
255 494 451 516 sermonem
471 495 604 523 meum,
633 495 712 516 cum
729 490 843 516 tamen
854 482 1077 517 Sacramenta

87 535 284 579 purificent.
324 531 549 577 Respondet,
576 545 641 567 nec
658 533 884 568 Sacramento
901 534 1077 577 purificari

85 585 156 619 nisi
180 597 244 633 per
267 595 485 624 sermonem,
511 585 682 629 docetque
699 586 826 628 probe,
852 584 1077 619 Sacramenta

85 636 267 681 perfidem
285 635 436 668 efficacia
463 647 546 670 esse.
606 633 652 669 Et
672 636 815 680 exponit
839 636 911 679 ipse
936 643 1076 669 senten-

85 687 170 720 tiam
186 686 291 729 vulgo
322 686 483 720 iactatam
514 686 550 718 in
577 683 722 720 scholis:
760 685 907 720 Accedit
929 687 1076 720 verbum

83 738 136 771 ad*
149 737 380 777 elementum,
415 743 448 770 et
471 736 508 770 fit
525 735 803 773 Sacramentum.
868 737 980 770 Verba
999 735 1074 770 Au-

84 787 216 832 gustini
249 785 333 820 haec
362 793 459 820 sunt:
500 786 618 830 Quare
642 799 715 820 non
740 787 805 820 ait:
840 787 973 821 Mundi
995 789 1076 822 estis

83 846 228 883 propter
252 838 484 881 baptismum,
518 850 588 882 quo
616 838 678 871 loti
705 839 805 879 estis,
842 840 900 872 sed
927 838 974 872 ait
993 851 1076 882 pro—

85 896 163 933 pter
180 889 343 929 verbum,
371 889 465 933 quod
492 888 631 921 locutus
654 900 730 921 sum
757 889 875 929 vobis,
902 889 972 923 nisi
994 890 1074 934 quia

83 947 115 973 et
135 940 172 972 in
190 951 279 984 aqua
297 939 443 972 verbum
464 940 625 974 mundat.
678 937 833 972 Detrahe
850 940 1015 980 verbum,
1043 946 1076 973 et

83 990 170 1036 quid
190 997 241 1024 est
257 1002 359 1035 aqua,
386 989 453 1022 nisi
474 989 588 1034 aqua?
614 989 759 1024 Accedit
775 991 922 1024 verbum
943 991 985 1024 ad
1005 991 1076 1023 ele-

82 1047 261 1080 mentum,
297 1047 329 1074 et
351 1040 387 1073 fit
405 1039 689 1079 Sacramentum,
732 1041 835 1074 etiam
859 1042 974 1085 ipsum
997 1048 1076 1075 tan·

85 1103 192 1137 quam
211 1091 352 1124 visibile
379 1091 538 1124 verbum.
591 1090 680 1124 Nam
700 1098 730 1125 et
748 1091 815 1125 hoc
832 1092 953 1137 utique
976 1092 1074 1126 dixe-

83 1149 156 1183 rat,
183 1142 325 1187 quando
344 1142 448 1185 pedes
466 1141 649 1185 discipulis
671 1142 774 1176 lavit:
810 1142 883 1186 Qui
909 1143 1001 1177 lotus
1026 1150 1075 1176 est

82 1205 155 1226 non
172 1192 307 1235 indiget
327 1193 393 1225 nisi
422 1199 459 1226 ut
486 1193 590 1236 pedes
614 1193 726 1233 lavet,
760 1195 819 1226 sed
845 1201 896 1227 est
920 1195 1074 1227 mundus

80 1250 187 1278 totus.
243 1242 346 1277 Unde
372 1243 436 1277 ista
459 1250 554 1277 tanta
579 1243 692 1277 virtus
721 1255 848 1289 aquae,
882 1251 919 1277 ut
948 1256 1074 1289 corpus

79 1301 199 1337 tangat
223 1301 256 1327 et
281 1306 341 1327 cor
369 1294 505 1333 abluat,
547 1293 615 1326 nisi
650 1294 799 1328 faciente
828 1295 960 1327 verbo?
1001 1307 1074 1328 non

82 1346 164 1390 quia
181 1345 330 1385 dicitur,
355 1346 414 1377 sed
432 1344 513 1388 quia
534 1345 701 1379 creditur.
737 1344 1074 1389 HaecAugustinuS.

80 1394 221 1429 Deinde
241 1395 343 1428 dicit:
381 1394 496 1437 Quem
519 1406 581 1437 ego
599 1395 736 1428 locutus
751 1406 829 1428 sum
847 1395 963 1436 vobis,
991 1396 1074 1440 quia

78 1447 227 1480 verbum
251 1443 383 1479 Christi
411 1451 462 1478 est
484 1445 581 1490 quod
604 1445 784 1486 iustificat3
810 1443 984 1479 humanae
1002 1454 1073 1480 tra-

79 1497 234 1530 ditiones
265 1507 337 1528 non
368 1495 573 1535 iustificant,
616 1496 698 1540 quia
731 1508 804 1529 non
836 1504 983 1540 possunt
1013 1508 1074 1529 cor

81 1548 229 1580 reddere
252 1553 384 1579 certum
409 1547 452 1577 de
483 1545 657 1588 potentia,
684 1546 944 1587 misericordia,
973 1547 1074 1581 iusti·

80 1598 130 1630 cia
149 1597 283 1632 divina,
339 1596 439 1630 Sicut
454 1595 575 1628 Esaias
599 1596 685 1630 dicit
711 1609 785 1639 cap.
802 1595 952 1631 XXIX:
982 1597 1073 1631 Fru-

78 1656 148 1682 stra
167 1647 289 1681 colunt
306 1659 362 1680 me
379 1647 551 1680 mand.·tis
570 1644 756 1679 hominum
774 1654 837 1682 etc.
891 1645 1070 1681 Observa-

33 1738 37 1741 ¹
78 1700 133 1732 his
172 1696 381 1732 antithesin:
440 1696 477 1731 Si
519 1705 662 1741 propter
699 1710 897 1731 sermonem
937 1697 1072 1733 Christi

79 1750 205 1783 mundi
224 1761 363 1788 sumus,
387 1760 468 1791 ergo
487 1760 559 1781 non
578 1755 721 1792 propter
740 1761 844 1792 opera
865 1756 927 1784 etc.

233 1831 392 1867 Blanele
415 1832 453 1866 in
481 1844 554 1872 me,
581 1837 611 1866 εἰ
638 1845 701 1879 ego
728 1833 767 1866 in
794 1832 906 1874 cobis,

515 89 911 130 ANNOTATIONES
938 91 1005 129 ET
1031 87 1312 128 CONCIONES
1339 88 1390 126 IN
1416 88 1596 127 EVANG.
1624 89 1834 129 IOANNIS.

2030 98 2126 134 1186

1139 189 1340 224 quanquam
1370 178 1559 213 videantur
1602 190 1675 213 esse
1698 179 1878 227 palmites,
1922 193 2123 229 quanquam

1137 226 1289 263 habeant
1305 229 1476 263 iusticiam
1496 230 1628 271 carnis,
1656 232 1858 266 moriuntur
1880 239 2016 276 tamen,
2043 235 2124 280 quia

1137 292 1209 312 non
1227 277 1359 314 habent
1374 280 1532 314 vividum
1557 292 1698 315 succum
1725 283 1816 316 vitis.
1871 283 1989 327 Quare
2011 286 2123 319 subii-

1135 330 1197 364 cit:
1250 330 1288 365 Si
1321 331 1400 376 quis
1431 331 1466 364 in
1491 343 1545 364 me
1571 343 1643 365 non
1672 334 1860 374 manserit,
1891 335 1914 367 i.
1933 347 1961 371 e.
1987 336 2122 371 etiamsi

1134 382 1312 425 praeditus
1329 382 1373 415 sit
1402 382 1499 414 omni
1523 382 1657 417 iusticia
1679 381 1833 418 humana
1848 412 1855 425 ‚
1886 386 1979 420 foras
2003 388 2121 422 mitte-

1142 444 1202 472 ur,
1228 432 1249 466 i.
1275 445 1303 467 e.
1327 439 1469 466 arescet.

1211 514 1256 550 Si
1276 515 1488 550 manseritis
1512 515 1550 549 in
1577 528 1648 558 me,
1684 522 1714 550 et
1739 517 1845 552 cerba
1870 530 1949 553 mea
1976 526 2036 558 etc.

1231 582 1310 616 Hoc
1333 584 1409 617 loco
1432 596 1509 617 cum
1536 585 1638 617 fidem
1664 591 1738 619 tum
1766 598 1872 631 opera
1893 588 1993 624 docet
2016 587 2122 624 Chri-

1129 641 1214 669 stus.
1268 632 1325 668 Ad
1358 634 1462 667 fidem
1486 636 1765 669 confirmandam
1789 638 1985 682 pertinent,
2032 654 2120 687 quae

1131 685 1289 730 proxime
1305 692 1517 730 sequuntur:
1545 685 1582 720 Si
1600 688 1799 721 manseritis
1816 689 1853 721 in
1872 702 1937 731 me,
1965 698 1996 725 et
2013 693 2118 726 verba

1131 749 1204 769 mea
1222 737 1259 768 in
1277 737 1377 769 vobis
1395 738 1589 771 manserint
1614 745 1677 773 etc.
1729 737 1792 773 Est
1807 740 1900 772 enim
1919 743 2118 785 promissio,

1129 800 1196 832 qua
1223 787 1456 820 conscientiae
1489 796 1602 821 certae
1632 789 1850 830 redduntur,
1897 793 1991 837 quod
2013 805 2118 827 exau-

1129 838 1293 877 diantur,
1328 845 1367 871 ut
1389 838 1458 871 sint
1482 850 1597 881 preces
1622 846 1763 873 nostrae
1787 841 1883 875 velut
1908 844 2119 887 experientia

1129 889 1299 934 quaedam
1317 888 1397 920 fidei
1413 900 1472 921 seu
1495 890 1667 933 probatio.
1721 890 1776 923 Ad
1797 893 1947 925 eundem
1973 896 2118 929 modum

1127 951 1231 984 supra
1258 939 1420 983 promisit
1445 938 1649 983 cap.XIV.:
1680 939 1858 986 Quicquid
1886 944 2057 986 petieritis
2081 947 2118 980 in

1128 991 1273 1023 nomine
1296 1002 1392 1028 meu,
1418 987 1485 1023 hoc
1511 990 1634 1023 faciam
1659 997 1721 1025 etc.
1777 990 1823 1027 Et
1842 991 1969 1030 Matth.
1986 995 2118 1030 xxa:

1129 1039 1260 1074 Omnia
1278 1053 1367 1086 quae
1393 1041 1563 1084 petieritis
1588 1041 1625 1074 in
1651 1042 1810 1076 oratione
1833 1045 2032 1090 credentes,
2061 1060 2118 1082 ac-

1129 1092 1274 1135 cipietis.
1336 1089 1469 1136 Estque
1494 1092 1623 1125 talibus
1648 1094 1942 1136 promissionibus
1965 1109 2025 1130 cor
2050 1099 2118 1131 eri-

1129 1144 1300 1185 gendum,
1337 1149 1377 1176 ut
1401 1149 1494 1175 certo
1519 1143 1665 1184 sentiat,
1700 1155 1735 1177 se
1756 1146 1933 1187 exaudiri,
1961 1159 2032 1181 esse
2049 1150 2117 1182 sibi

1129 1194 1164 1225 in
1213 1194 1380 1226 omnibus
1428 1194 1683 1228 tentationibus
1732 1203 1863 1230 certum
1907 1199 2116 1242 perfugium.

1128 1243 1207 1277 Huc
1222 1244 1252 1289 3)
1272 1244 1468 1288 pertinent,
1496 1257 1586 1289 quae
1602 1246 1644 1278 de
1660 1246 1866 1290 pontificatu
1875 1245 2008 1283 Christi
2025 1251 2116 1284 dicta

1127 1302 1219 1328 sunt.
1283 1294 1378 1337 Quid
1416 1295 1459 1328 sit
1484 1308 1625 1329 manere
1647 1296 1683 1329 in
1711 1297 1806 1340 ipso,
1839 1300 2000 1342 exponit,
2036 1313 2115 1335 cum

1129 1346 1259 1389 inquit:
1290 1345 1403 1378 verba
1432 1358 1504 1378 mea
1530 1346 1558 1378 si
1584 1347 1776 1381 manserint
1796 1349 1832 1381 in
1851 1350 1970 1389 vobis,
1998 1358 2037 1385 ut
2052 1353 2117 1386 do-

1127 1402 1219 1436 ceat,
1246 1397 1340 1440 quod
1361 1407 1500 1428 manere
1518 1396 1555 1429 in
1571 1394 1714 1430 Christo
1732 1396 1822 1431 nihil
1839 1400 1934 1432 aliud
1956 1402 2018 1442 sit,
2046 1403 2115 1436 nisi

1128 1447 1235 1479 verbo
1259 1445 1333 1479 eius
1357 1446 1518 1487 credere,
1553 1453 1604 1485 et,
1630 1447 1719 1481 sicut
1742 1448 1815 1491 ipse
1837 1449 2012 1494 loquitur,
2038 1466 2119 1487 ver-

1127 1498 1211 1530 bum
1231 1496 1306 1530 eius
1328 1493 1477 1537 habere3
1513 1499 1811 1541 quemadmodum
1838 1512 1912 1544 cap.
1931 1501 1990 1536 VI.
2007 1515 2042 1537 se
2060 1516 2118 1537 ex-

1129 1547 1244 1590 ponit:
1288 1545 1360 1589 Qui
1379 1548 1470 1580 venit
1501 1550 1544 1580 ad
1571 1561 1643 1588 me,
1680 1561 1752 1582 non
1778 1551 1924 1593 esuriet3
1958 1560 2008 1587 et:
2045 1554 2117 1597 Qui

1126 1598 1236 1631 credit
1256 1598 1291 1630 in
1312 1610 1386 1638 me,
1414 1610 1487 1630 non
1511 1599 1603 1632 sitiet
1630 1600 1664 1632 in
1688 1607 1880 1635 aeternum.
1935 1601 2024 1637 Nam
2052 1603 2116 1639 hoc

1125 1656 1175 1682 est
1207 1660 1348 1681 manere
1382 1649 1420 1681 in
1444 1647 1603 1691 Christo;
1640 1651 1741 1685 docet
1767 1652 1860 1685 enim
1887 1655 2117 1690 conscientias

1126 1712 1197 1732 non
1215 1711 1313 1743 posse
1330 1699 1399 1732 nisi
1418 1699 1455 1732 in
1475 1701 1581 1734 verbo
1600 1702 1794 1736 certificari.

1252 1781 1299 1817 In
1329 1780 1396 1818 hoc
1425 1782 1651 1830 clarificatus
1679 1791 1728 1820 esl
1754 1792 1860 1833 paler
1883 1801 1994 1826 meus.

1230 1850 1266 1883 Id
1287 1858 1354 1891 est,
1383 1851 1420 1883 in
1438 1852 1697 1886 sanctificandis
1714 1855 1814 1887 vobis
1835 1863 1867 1889 et
1884 1857 1921 1889 in
1937 1859 2116 1893 audiendo

77 1901 208 1935 scilicet
236 1902 323 1942 fule,
374 1901 455 1946 quia
494 1901 562 1934 fide
602 1901 773 1934 efficimus
805 1912 896 1934 unus
927 1901 1071 1944 spiritus
1095 1914 1098 1942 ι
1126 1903 1233 1934 verbo
1253 1914 1340 1934 meo.
1378 1901 1610 1936 Hebraismus
1625 1911 1688 1937 est:
1717 1905 1931 1947 glorificatus
1947 1916 2008 1949 est,
2035 1922 2114 1953 pro:

77 1950 222 1986 Christi.
282 1951 320 1986 Si
345 1963 441 1985 nunc
467 1952 504 1984 in
528 1963 581 1984 me
605 1952 820 1992 manseritis,
854 1959 886 1985 et
912 1963 972 1993 ego
996 1964 1069 1984 ma-

77 2004 169 2036 nebo
187 2003 223 2035 in
242 2003 364 2041 vobis,
388 2002 422 2034 id
440 2009 508 2042 est,
536 2003 653 2035 efficax
680 2011 712 2036 et
731 2010 854 2046 potens
874 2014 933 2035 ero
953 2002 988 2035 in
1009 2015 1068 2035 vo·

75 2054 144 2093 bis,
171 2052 308 2087 etiamsi
334 2059 488 2086 terreant
515 2060 633 2096 portae
660 2053 865 2086 inferorum.

218 2135 320 2171 St'cul
344 2134 487 2184 palmes
513 2148 586 2170 non
608 2141 722 2183 polest
741 2137 844 2183 serre
869 2142 929 2173 etc.

178 2205 227 2238 lta
243 2203 423 2244 Christus,
451 2203 533 2249 quia
552 2204 673 2248 implet
689 2205 820 2245 omnia,
846 2206 1072 2239 transfundet

75 2256 237 2300 spiritum
256 2256 291 2288 in
304 2262 452 2296 sanctos,
476 2255 607 2289 animat
625 2268 694 2297 eos,
714 2256 865 2289 vivificat
883 2268 953 2296 eos,
981 2257 1071 2289 sicut
1095 2271 1097 2301 j

1122 2308 1357 2347 sanctificare,
1386 2321 1458 2341 non
1483 2307 1717 2343 humanarum
1744 2311 1890 2352 virium,
1917 2314 2007 2347 sicut
2027 2323 2059 2349 et
2076 2317 2111 2349 in

74 2307 208 2352 palmes
226 2306 443 2340 transfundit
460 2307 657 2339 naturalem
676 2318 816 2340 succum
834 2307 870 2339 in
891 2318 1018 2340 ramos.

259 2390 347 2425 Sine
373 2403 427 2424 me
454 2387 556 2424 nihil
578 2391 728 2437 potestis
745 2391 884 2440 facere,

76 2461 111 2494 id
136 2467 203 2499 est,
238 2460 327 2493 sicut
353 2459 514 2503 palmites
539 2466 700 2492 arescunt
726 2472 743 2491 a
768 2459 837 2491 vite
863 2458 983 2498 recisi,
1018 2457 1064 2491 ita

74 2511 279 2545 moriuntur
326 2510 463 2550 omnia,
520 2522 608 2555 quae
641 2523 713 2543 non
737 2517 819 2543 sunt
850 2510 886 2541 in
909 2506 1067 2549 Christ03

110 2645 141 2673 2)
161 2644 238 2668 llaec
257 2645 341 2668 verba
360 2645 385 2667 in
406 2644 472 2667 Tul).
492 2644 579 2673 posita
599 2647 662 2668 sunt
680 2646 744 2668 ante
764 2644 876 2669 Tertio,
896 2646 958 2673 post
976 2645 1066 2669 totum
1092 2643 1093 2648 ¹

146 2679 344 2710 Evanqelinm.

82 2717 245 2747 Mun-r„
290 2719 376 2747 Uiri».
426 2713 617 2745 VonXlV.

1124 1953 1357 1995 glorificatur3
1395 1961 1514 1997 estque
1545 1955 1735 1988 sententia:
1780 1955 1904 1990 Gloria
1929 1960 2036 2002 patris
2060 1961 2116 1994 in-

1126 2003 1272 2037 notescit
1316 2004 1438 2043 vobis,
1482 2016 1560 2036 cnm
1597 2016 1657 2038 vos
1701 2006 1843 2040 uberius
1886 2003 2113 2045 fructificatis.

1125 2054 1378 2097 Cornplectitur
1393 2062 1507 2088 autem
1526 2053 1608 2087 haec
1625 2057 1795 2090 sententia
1815 2059 1898 2092 duo.
1944 2059 2116 2105 Primum,

1095 2107 1098 2146 Ῑ
1125 2106 1217 2149 qnod
1236 2106 1387 2145 fructus,
1416 2117 1519 2150 quem
1538 2106 1702 2147 facimus,
1729 2108 1774 2140 sit
1799 2108 1909 2151 gloria
1927 2112 2050 2154 patris,
2078 2115 2111 2146 id

1095 2179 1098 2206 Ι
1124 2164 1185 2195 est,
1213 2168 1300 2199 opus
1321 2157 1496 2200 potentiae
1515 2156 1635 2200 patri5‚
1665 2170 1735 2190 non
1753 2166 1954 2194 nostrarum
1974 2163 2111 2198 virium.

1126 2206 1235 2251 quue
1253 2214 1286 2241 et
1303 2208 1406 2251 paulo
1431 2215 1512 2240 ante
1532 2207 1638 2245 dixit,
1667 2221 1744 2241 cum
1769 2210 1836 2248 ait,
1866 2219 1997 2254 patrem
2021 2215 2112 2257 agri-

1124 2258 1235 2290 colam
1269 2270 1417 2301 purgare
1452 2258 1649 2301 palmitem,
1688 2259 1709 2294 i.
1730 2272 1756 2292 e.
1789 2262 1896 2303 patris
1921 2275 2008 2306 opus
2041 2277 2112 2299 esse

1123 2359 1345 2400 universum,
1379 2358 1612 2401 Evangelium
1639 2361 1813 2403 praedicat
1838 2374 2002 2406 regnum,
2036 2367 2112 2409 glo—

1122 2410 1221 2450 riam,
1251 2408 1538 2454 pntentiamDei,
1566 2410 1600 2443 id
1618 2418 1680 2451 est,
1707 2409 1772 2445 hoc
1792 2415 1988 2456 praedicat,
2016 2419 2111 2462 quod

1121 2461 1368 2501 iustificemur,
1403 2461 1657 2495 sanctificemur
1689 2470 1748 2495 aut
1779 2471 1810 2497 et
1841 2465 2017 2500 salvemur
2039 2481 2110 2501 non

1120 2509 1286 2545 humanis
1310 2512 1466 2552 viribus,
1493 2513 1550 2544 sed
1573 2513 1727 2556 potentia
1745 2513 1821 2548 Dei.
1867 2515 2029 2551 Secundo
2047 2522 2111 2553 do-

1093 2568 1095 2572 ’
1120 2570 1191 2603 cet,
1218 2563 1311 2608 quod
1340 2570 1438 2606 pater
1463 2563 1655 2597 innotescat
1680 2576 1757 2596 cum
1785 2566 1937 2600 fructum
1955 2569 2110 2611 ferimus,

1154 2679 1184 2705 ³)
1204 2680 1298 2702 Socer.
1325 2677 1409 2721 ΜΕ,

1369 2722 1410 2747 lo
