<?xml version="1.0" encoding="UTF-8"?>
<!DOCTYPE html PUBLIC "-//W3C//DTD XHTML 1.0 Transitional//EN"
    "http://www.w3.org/TR/xhtml1/DTD/xhtml1-transitional.dtd">
<html xmlns="http://www.w3.org/1999/xhtml" xml:lang="en" lang="en">
 <head>
  <title>
</title>
<meta http-equiv="Content-Type" content="text/html;charset=utf-8" />
  <meta name='ocr-system' content='tesseract 3.04.00' />
  <meta name='ocr-capabilities' content='ocr_page ocr_carea ocr_par ocr_line ocrx_word'/>
</head>
<body>
  <div class='ocr_page' id='page_1' title='image "./operaquaesupersu14melauoft/operaquaesupersu14melauoft_0083.png"; bbox 0 0 2409 2915; ppageno 0'>
   <div class='ocr_carea' id='block_1_1' title="bbox 129 111 761 150">
    <p class='ocr_par' dir='ltr' id='par_1_1' title="bbox 129 111 761 150">
     <span class='ocr_line' id='line_1_1' title="bbox 129 111 761 150; baseline 0.002 -2"><span class='ocrx_word' id='word_1_1' title='bbox 129 111 200 148; x_wconf 76' lang='lat'>149</span> <span class='ocrx_word' id='word_1_2' title='bbox 700 113 761 150; x_wconf 85' lang='lat' dir='ltr'>Xl.</span> 
     </span>
    </p>
   </div>
   <div class='ocr_carea' id='block_1_2' title="bbox 116 197 1130 1023">
    <p class='ocr_par' dir='ltr' id='par_1_2' title="bbox 116 197 1130 975">
     <span class='ocr_line' id='line_1_2' title="bbox 223 197 1130 244; baseline 0 -13"><span class='ocrx_word' id='word_1_3' title='bbox 223 197 421 233; x_wconf 87' lang='lat' dir='ltr'>Discrimen</span> <span class='ocrx_word' id='word_1_4' title='bbox 446 199 551 243; x_wconf 81' lang='lat' dir='ltr'>igitur</span> <span class='ocrx_word' id='word_1_5' title='bbox 575 199 847 240; x_wconf 85' lang='lat' dir='ltr'>sententiarum,</span> <span class='ocrx_word' id='word_1_6' title='bbox 879 199 1000 244; x_wconf 84' lang='lat' dir='ltr'>quales</span> <span class='ocrx_word' id='word_1_7' title='bbox 1023 205 1104 232; x_wconf 89' lang='lat' dir='ltr'>sunt</span> <span class='ocrx_word' id='word_1_8' title='bbox 1126 198 1130 224; x_wconf 72' lang='grc' dir='ltr'>Ι</span> 
     </span>
     <span class='ocr_line' id='line_1_3' title="bbox 121 229 1129 295; baseline -0.002 -12"><span class='ocrx_word' id='word_1_9' title='bbox 121 247 289 290; x_wconf 79' lang='lat' dir='ltr'><strong>Hesiodi,</strong></span> <span class='ocrx_word' id='word_1_10' title='bbox 316 248 538 295; x_wconf 84' lang='lat' dir='ltr'>Pbocylidis,</span> <span class='ocrx_word' id='word_1_11' title='bbox 564 246 799 294; x_wconf 81' lang='lat' dir='ltr'>Theognidis,</span> <span class='ocrx_word' id='word_1_12' title='bbox 826 257 859 283; x_wconf 90' lang='lat' dir='ltr'>et</span> <span class='ocrx_word' id='word_1_13' title='bbox 875 261 994 282; x_wconf 83' lang='lat' dir='ltr'>earum</span> <span class='ocrx_word' id='word_1_14' title='bbox 1012 261 1101 295; x_wconf 90' lang='lat' dir='ltr'>quae</span> <span class='ocrx_word' id='word_1_15' title='bbox 1126 229 1129 285; x_wconf 83' lang='grc' dir='ltr'>Ι</span> 
     </span>
     <span class='ocr_line' id='line_1_4' title="bbox 121 298 1129 344; baseline 0 -11"><span class='ocrx_word' id='word_1_16' title='bbox 121 300 160 333; x_wconf 87' lang='lat' dir='ltr'>in</span> <span class='ocrx_word' id='word_1_17' title='bbox 177 300 282 333; x_wconf 72' lang='lat' dir='ltr'>sacris</span> <span class='ocrx_word' id='word_1_18' title='bbox 299 301 398 334; x_wconf 90' lang='lat' dir='ltr'>libris</span> <span class='ocrx_word' id='word_1_19' title='bbox 415 300 663 341; x_wconf 78' lang='lat' dir='ltr'>continemur,</span> <span class='ocrx_word' id='word_1_20' title='bbox 690 301 734 333; x_wconf 89' lang='lat' dir='ltr'>sit</span> <span class='ocrx_word' id='word_1_21' title='bbox 752 301 788 333; x_wconf 90' lang='lat' dir='ltr'>in</span> <span class='ocrx_word' id='word_1_22' title='bbox 809 307 1009 344; x_wconf 81' lang='lat' dir='ltr'>conspectu.</span> <span class='ocrx_word' id='word_1_23' title='bbox 1056 298 1101 333; x_wconf 90' lang='lat' dir='ltr'>Et</span> <span class='ocrx_word' id='word_1_24' title='bbox 1125 298 1129 339; x_wconf 72' lang='grc' dir='ltr'>ξ</span> 
     </span>
     <span class='ocr_line' id='line_1_5' title="bbox 122 344 1129 394; baseline -0.001 -10"><span class='ocrx_word' id='word_1_25' title='bbox 122 355 223 394; x_wconf 82' lang='lat' dir='ltr'>saepe</span> <span class='ocrx_word' id='word_1_26' title='bbox 255 350 473 384; x_wconf 80' lang='lat' dir='ltr'>narrationes</span> <span class='ocrx_word' id='word_1_27' title='bbox 512 349 713 394; x_wconf 78' lang='lat' dir='ltr'>prophanae</span> <span class='ocrx_word' id='word_1_28' title='bbox 744 351 846 384; x_wconf 89' lang='lat' dir='ltr'>aliter</span> <span class='ocrx_word' id='word_1_29' title='bbox 881 344 1129 394; x_wconf 46' lang='lat' dir='ltr'>accipiendae;¹</span> 
     </span>
     <span class='ocr_line' id='line_1_6' title="bbox 122 394 1128 442; baseline 0.003 -8"><span class='ocrx_word' id='word_1_30' title='bbox 122 409 225 442; x_wconf 82' lang='lat' dir='ltr'>sunt,</span> <span class='ocrx_word' id='word_1_31' title='bbox 265 401 366 434; x_wconf 87' lang='lat' dir='ltr'>aliter</span> <span class='ocrx_word' id='word_1_32' title='bbox 399 402 618 434; x_wconf 83' lang='lat' dir='ltr'>narrationes</span> <span class='ocrx_word' id='word_1_33' title='bbox 647 402 683 434; x_wconf 92' lang='lat' dir='ltr'>in</span> <span class='ocrx_word' id='word_1_34' title='bbox 723 402 829 434; x_wconf 89' lang='lat' dir='ltr'>sacris</span> <span class='ocrx_word' id='word_1_35' title='bbox 863 401 974 434; x_wconf 85' lang='lat' dir='ltr'>libris.</span> <span class='ocrx_word' id='word_1_36' title='bbox 1042 394 1128 440; x_wconf 49' lang='lat' dir='ltr'>Ua?</span> 
     </span>
     <span class='ocr_line' id='line_1_7' title="bbox 121 441 1128 497; baseline -0.002 -12"><span class='ocrx_word' id='word_1_37' title='bbox 121 453 218 485; x_wconf 88' lang='lat' dir='ltr'>aliud</span> <span class='ocrx_word' id='word_1_38' title='bbox 245 451 374 485; x_wconf 88' lang='lat' dir='ltr'>dicitur</span> <span class='ocrx_word' id='word_1_39' title='bbox 398 451 435 484; x_wconf 90' lang='lat' dir='ltr'>in</span> <span class='ocrx_word' id='word_1_40' title='bbox 462 449 529 485; x_wconf 86' lang='lat' dir='ltr'>hoc</span> <span class='ocrx_word' id='word_1_41' title='bbox 550 464 670 486; x_wconf 89' lang='lat' dir='ltr'>versu:</span> <span class='ocrx_word' id='word_1_42' title='bbox 702 450 818 484; x_wconf 74' lang='lat' dir='ltr'>Vitam</span> <span class='ocrx_word' id='word_1_43' title='bbox 844 453 931 494; x_wconf 84' lang='lat' dir='ltr'>regit</span> <span class='ocrx_word' id='word_1_44' title='bbox 947 453 1098 491; x_wconf 80' lang='lat' dir='ltr'>fortuna,</span> <span class='ocrx_word' id='word_1_45' title='bbox 1124 441 1128 497; x_wconf 63' lang='lat'>3¹</span> 
     </span>
     <span class='ocr_line' id='line_1_8' title="bbox 123 501 1096 545; baseline 0 -11"><span class='ocrx_word' id='word_1_46' title='bbox 123 514 194 535; x_wconf 90' lang='lat' dir='ltr'>nun</span> <span class='ocrx_word' id='word_1_47' title='bbox 215 501 397 545; x_wconf 87' lang='lat' dir='ltr'>sapientia.</span> <span class='ocrx_word' id='word_1_48' title='bbox 450 501 560 535; x_wconf 85' lang='lat' dir='ltr'>Aliud</span> <span class='ocrx_word' id='word_1_49' title='bbox 584 503 618 535; x_wconf 91' lang='lat' dir='ltr'>in</span> <span class='ocrx_word' id='word_1_50' title='bbox 645 503 738 536; x_wconf 88' lang='lat' dir='ltr'>dicto</span> <span class='ocrx_word' id='word_1_51' title='bbox 764 502 980 536; x_wconf 87' lang='lat' dir='ltr'>Salomonis:</span> <span class='ocrx_word' id='word_1_52' title='bbox 1018 502 1096 535; x_wconf 81' lang='lat' dir='ltr'>Non</span> 
     </span>
     <span class='ocr_line' id='line_1_9' title="bbox 121 540 1126 598; baseline -0.001 -13"><span class='ocrx_word' id='word_1_53' title='bbox 121 559 170 586; x_wconf 88' lang='lat' dir='ltr'>est</span> <span class='ocrx_word' id='word_1_54' title='bbox 193 551 336 585; x_wconf 88' lang='lat' dir='ltr'>fortium</span> <span class='ocrx_word' id='word_1_55' title='bbox 360 564 501 594; x_wconf 80' lang='lat' dir='ltr'>cursus,</span> <span class='ocrx_word' id='word_1_56' title='bbox 536 565 649 598; x_wconf 86' lang='lat' dir='ltr'>neque</span> <span class='ocrx_word' id='word_1_57' title='bbox 681 553 878 597; x_wconf 87' lang='lat' dir='ltr'>sapientum</span> <span class='ocrx_word' id='word_1_58' title='bbox 912 553 1011 596; x_wconf 76' lang='lat' dir='ltr'>panis</span> <span class='ocrx_word' id='word_1_59' title='bbox 1035 560 1097 586; x_wconf 84' lang='lat' dir='ltr'>etc.</span> <span class='ocrx_word' id='word_1_60' title='bbox 1123 540 1126 592; x_wconf 53' lang='lat' dir='ltr'>l</span> 
     </span>
     <span class='ocr_line' id='line_1_10' title="bbox 120 593 1125 648; baseline 0 -13"><span class='ocrx_word' id='word_1_61' title='bbox 120 601 214 644; x_wconf 83' lang='lat' dir='ltr'>Quia</span> <span class='ocrx_word' id='word_1_62' title='bbox 240 602 409 636; x_wconf 87' lang='lat' dir='ltr'>Salomon</span> <span class='ocrx_word' id='word_1_63' title='bbox 436 604 625 648; x_wconf 75' lang='lat' dir='ltr'>praecipit,</span> <span class='ocrx_word' id='word_1_64' title='bbox 659 610 697 637; x_wconf 92' lang='lat' dir='ltr'>ut</span> <span class='ocrx_word' id='word_1_65' title='bbox 721 604 893 647; x_wconf 83' lang='lat' dir='ltr'>regularia</span> <span class='ocrx_word' id='word_1_66' title='bbox 920 605 1098 643; x_wconf 82' lang='lat' dir='ltr'>faciamus,</span> <span class='ocrx_word' id='word_1_67' title='bbox 1123 593 1125 627; x_wconf 54' lang='grc' dir='ltr'><strong>ἶ</strong></span> 
     </span>
     <span class='ocr_line' id='line_1_11' title="bbox 119 652 1123 697; baseline 0.001 -12"><span class='ocrx_word' id='word_1_68' title='bbox 119 653 366 686; x_wconf 88' lang='lat' dir='ltr'>convenientia</span> <span class='ocrx_word' id='word_1_69' title='bbox 384 655 555 688; x_wconf 90' lang='lat' dir='ltr'>mandatis</span> <span class='ocrx_word' id='word_1_70' title='bbox 570 654 713 694; x_wconf 74' lang='lat' dir='ltr'>divinis,</span> <span class='ocrx_word' id='word_1_71' title='bbox 741 662 771 688; x_wconf 88' lang='lat' dir='ltr'>et</span> <span class='ocrx_word' id='word_1_72' title='bbox 791 652 954 697; x_wconf 87' lang='lat' dir='ltr'>prohibet</span> <span class='ocrx_word' id='word_1_73' title='bbox 971 652 1096 687; x_wconf 71' lang='lat' dir='ltr'>buma-</span> <span class='ocrx_word' id='word_1_74' title='bbox 1122 678 1123 682; x_wconf 64' lang='lat'>,</span> 
     </span>
     <span class='ocr_line' id='line_1_12' title="bbox 117 704 1095 750; baseline 0 -14"><span class='ocrx_word' id='word_1_75' title='bbox 117 715 199 736; x_wconf 83' lang='lat' dir='ltr'>nam</span> <span class='ocrx_word' id='word_1_76' title='bbox 217 704 471 743; x_wconf 72' lang='lat' dir='ltr'>curiositatem,</span> <span class='ocrx_word' id='word_1_77' title='bbox 500 717 588 750; x_wconf 89' lang='lat' dir='ltr'>quae</span> <span class='ocrx_word' id='word_1_78' title='bbox 604 706 656 738; x_wconf 90' lang='lat' dir='ltr'>sui</span> <span class='ocrx_word' id='word_1_79' title='bbox 677 705 801 737; x_wconf 85' lang='lat' dir='ltr'>fiducia</span> <span class='ocrx_word' id='word_1_80' title='bbox 821 713 937 738; x_wconf 75' lang='lat' dir='ltr'>movet</span> <span class='ocrx_word' id='word_1_81' title='bbox 962 717 1015 737; x_wconf 83' lang='lat' dir='ltr'>res</span> <span class='ocrx_word' id='word_1_82' title='bbox 1038 716 1095 736; x_wconf 76' lang='lat' dir='ltr'>ex-</span> 
     </span>
     <span class='ocr_line' id='line_1_13' title="bbox 117 753 1094 791; baseline 0 -4"><span class='ocrx_word' id='word_1_83' title='bbox 117 760 170 787; x_wconf 90' lang='lat' dir='ltr'>tra</span> <span class='ocrx_word' id='word_1_84' title='bbox 199 755 428 791; x_wconf 84' lang='lat' dir='ltr'>vocationem.</span> <span class='ocrx_word' id='word_1_85' title='bbox 481 753 651 789; x_wconf 84' lang='lat' dir='ltr'>Prohibet</span> <span class='ocrx_word' id='word_1_86' title='bbox 675 756 777 788; x_wconf 89' lang='lat' dir='ltr'>etiam</span> <span class='ocrx_word' id='word_1_87' title='bbox 800 756 961 789; x_wconf 73' lang='lat' dir='ltr'>fiduciam</span> <span class='ocrx_word' id='word_1_88' title='bbox 986 755 1094 788; x_wconf 84' lang='lat' dir='ltr'>nostri</span> 
     </span>
     <span class='ocr_line' id='line_1_14' title="bbox 117 804 1096 850; baseline 0.001 -14"><span class='ocrx_word' id='word_1_89' title='bbox 117 804 155 837; x_wconf 91' lang='lat' dir='ltr'>in</span> <span class='ocrx_word' id='word_1_90' title='bbox 171 806 336 849; x_wconf 88' lang='lat' dir='ltr'>operibns</span> <span class='ocrx_word' id='word_1_91' title='bbox 352 806 564 847; x_wconf 81' lang='lat' dir='ltr'>vocationis,</span> <span class='ocrx_word' id='word_1_92' title='bbox 592 814 624 840; x_wconf 94' lang='lat' dir='ltr'>et</span> <span class='ocrx_word' id='word_1_93' title='bbox 641 807 715 840; x_wconf 88' lang='lat' dir='ltr'>vult</span> <span class='ocrx_word' id='word_1_94' title='bbox 740 807 807 850; x_wconf 90' lang='lat' dir='ltr'>peti</span> <span class='ocrx_word' id='word_1_95' title='bbox 831 807 1000 839; x_wconf 81' lang='lat' dir='ltr'>auxilium</span> <span class='ocrx_word' id='word_1_96' title='bbox 1020 805 1096 846; x_wconf 88' lang='lat' dir='ltr'>Dei,</span> 
     </span>
     <span class='ocr_line' id='line_1_15' title="bbox 118 856 1123 905; baseline -0.001 -17"><span class='ocrx_word' id='word_1_97' title='bbox 118 862 152 889; x_wconf 86' lang='lat' dir='ltr'>et</span> <span class='ocrx_word' id='word_1_98' title='bbox 169 867 234 888; x_wconf 91' lang='lat' dir='ltr'>nos</span> <span class='ocrx_word' id='word_1_99' title='bbox 256 863 497 905; x_wconf 79' lang='lat' dir='ltr'>optemperare</span> <span class='ocrx_word' id='word_1_100' title='bbox 512 856 606 897; x_wconf 68' lang='lat' dir='ltr'>Det),</span> <span class='ocrx_word' id='word_1_101' title='bbox 633 858 706 890; x_wconf 78' lang='lat' dir='ltr'>sive</span> <span class='ocrx_word' id='word_1_102' title='bbox 733 858 966 900; x_wconf 76' lang='lat' dir='ltr'>respondeant</span> <span class='ocrx_word' id='word_1_103' title='bbox 991 868 1095 888; x_wconf 80' lang='lat' dir='ltr'>even-</span> <span class='ocrx_word' id='word_1_104' title='bbox 1122 873 1123 902; x_wconf 40' lang='lat' dir='ltr'>t</span> 
     </span>
     <span class='ocr_line' id='line_1_16' title="bbox 116 906 1124 975; baseline 0 -37"><span class='ocrx_word' id='word_1_105' title='bbox 116 912 191 944; x_wconf 88' lang='lat' dir='ltr'>tus,</span> <span class='ocrx_word' id='word_1_106' title='bbox 220 906 292 940; x_wconf 84' lang='lat' dir='ltr'>sive</span> <span class='ocrx_word' id='word_1_107' title='bbox 308 920 379 940; x_wconf 91' lang='lat' dir='ltr'>non</span> <span class='ocrx_word' id='word_1_108' title='bbox 399 909 643 952; x_wconf 80' lang='lat' dir='ltr'>respondeant.</span> <span class='ocrx_word' id='word_1_109' title='bbox 694 907 885 941; x_wconf 80' lang='lat' dir='ltr'>Confirmat</span> <span class='ocrx_word' id='word_1_110' title='bbox 907 908 1012 950; x_wconf 84' lang='lat' dir='ltr'>igitur</span> <span class='ocrx_word' id='word_1_111' title='bbox 1029 906 1094 939; x_wconf 83' lang='lat' dir='ltr'>Sa·</span> <span class='ocrx_word' id='word_1_112' title='bbox 1121 906 1124 975; x_wconf 57' lang='grc' dir='ltr'><em>ξ</em></span> 
     </span>
    </p>

    <p class='ocr_par' dir='ltr' id='par_1_3' title="bbox 1121 1003 1122 1023">
     <span class='ocr_line' id='line_1_17' title="bbox 1121 1003 1122 1023; baseline 0 0"><span class='ocrx_word' id='word_1_113' title='bbox 1121 1003 1122 1023; x_wconf 61' lang='lat'>1</span> 
     </span>
    </p>
   </div>
   <div class='ocr_carea' id='block_1_3' title="bbox 1122 739 1124 788">
    <p class='ocr_par' dir='ltr' id='par_1_4' title="bbox 1122 739 1124 788">
     <span class='ocr_line' id='line_1_18' title="bbox 1122 739 1123 762; baseline 0 0"><span class='ocrx_word' id='word_1_114' title='bbox 1122 739 1123 762; x_wconf 59' lang='lat'>1</span> 
     </span>
     <span class='ocr_line' id='line_1_19' title="bbox 1122 776 1124 788; baseline 0 0"><span class='ocrx_word' id='word_1_115' title='bbox 1122 776 1124 788; x_wconf 68' lang='lat' dir='ltr'>i</span> 
     </span>
    </p>
   </div>
   <div class='ocr_carea' id='block_1_4' title="bbox 115 956 1094 1102">
    <p class='ocr_par' dir='ltr' id='par_1_5' title="bbox 115 956 1094 1102">
     <span class='ocr_line' id='line_1_20' title="bbox 115 956 1094 1003; baseline 0 -14"><span class='ocrx_word' id='word_1_116' title='bbox 115 956 239 990; x_wconf 88' lang='lat' dir='ltr'>lomon</span> <span class='ocrx_word' id='word_1_117' title='bbox 264 959 472 991; x_wconf 87' lang='lat' dir='ltr'>sententiam</span> <span class='ocrx_word' id='word_1_118' title='bbox 501 960 544 992; x_wconf 93' lang='lat' dir='ltr'>de</span> <span class='ocrx_word' id='word_1_119' title='bbox 578 959 810 1003; x_wconf 69' lang='lat' dir='ltr'>providentia.</span> <span class='ocrx_word' id='word_1_120' title='bbox 870 958 938 991; x_wconf 84' lang='lat' dir='ltr'>Sed</span> <span class='ocrx_word' id='word_1_121' title='bbox 971 958 1007 990; x_wconf 91' lang='lat' dir='ltr'>in</span> <span class='ocrx_word' id='word_1_122' title='bbox 1034 957 1094 989; x_wconf 91' lang='lat' dir='ltr'>illo</span> 
     </span>
     <span class='ocr_line' id='line_1_21' title="bbox 115 1005 1094 1053; baseline -0.001 -13"><span class='ocrx_word' id='word_1_123' title='bbox 115 1005 301 1051; x_wconf 89' lang='lat' dir='ltr'>prophano</span> <span class='ocrx_word' id='word_1_124' title='bbox 320 1009 429 1042; x_wconf 86' lang='lat' dir='ltr'>dicto:</span> <span class='ocrx_word' id='word_1_125' title='bbox 460 1009 576 1043; x_wconf 64' lang='lat' dir='ltr'>Vitam</span> <span class='ocrx_word' id='word_1_126' title='bbox 595 1011 681 1053; x_wconf 86' lang='lat' dir='ltr'>regit</span> <span class='ocrx_word' id='word_1_127' title='bbox 697 1010 836 1043; x_wconf 83' lang='lat' dir='ltr'>fortuna</span> <span class='ocrx_word' id='word_1_128' title='bbox 862 1021 933 1042; x_wconf 91' lang='lat' dir='ltr'>non</span> <span class='ocrx_word' id='word_1_129' title='bbox 955 1008 1094 1052; x_wconf 86' lang='lat' dir='ltr'>sapien-</span> 
     </span>
     <span class='ocr_line' id='line_1_22' title="bbox 116 1058 467 1102; baseline 0.003 -10"><span class='ocrx_word' id='word_1_130' title='bbox 116 1058 184 1102; x_wconf 85' lang='lat' dir='ltr'>tia,</span> <span class='ocrx_word' id='word_1_131' title='bbox 213 1059 308 1092; x_wconf 88' lang='lat' dir='ltr'>aliud</span> <span class='ocrx_word' id='word_1_132' title='bbox 327 1060 467 1094; x_wconf 89' lang='lat' dir='ltr'>dicitnr.</span> 
     </span>
    </p>
   </div>
   <div class='ocr_carea' id='block_1_5' title="bbox 107 1122 1122 2144">
    <p class='ocr_par' dir='ltr' id='par_1_6' title="bbox 111 1122 1122 1833">
     <span class='ocr_line' id='line_1_23' title="bbox 217 1122 1122 1172; baseline -0.001 -14"><span class='ocrx_word' id='word_1_133' title='bbox 217 1122 321 1158; x_wconf 81' lang='lat' dir='ltr'>Extat</span> <span class='ocrx_word' id='word_1_134' title='bbox 344 1126 476 1158; x_wconf 85' lang='lat' dir='ltr'>dictum</span> <span class='ocrx_word' id='word_1_135' title='bbox 499 1125 534 1158; x_wconf 93' lang='lat' dir='ltr'>in</span> <span class='ocrx_word' id='word_1_136' title='bbox 561 1126 631 1160; x_wconf 86' lang='lat' dir='ltr'>vita</span> <span class='ocrx_word' id='word_1_137' title='bbox 661 1125 849 1170; x_wconf 84' lang='lat' dir='ltr'>Pomponii</span> <span class='ocrx_word' id='word_1_138' title='bbox 874 1122 1001 1159; x_wconf 80' lang='lat' dir='ltr'>Attici:</span> <span class='ocrx_word' id='word_1_139' title='bbox 1031 1123 1093 1157; x_wconf 85' lang='lat' dir='ltr'>Sui</span> <span class='ocrx_word' id='word_1_140' title='bbox 1120 1162 1122 1172; x_wconf 63' lang='lat'>‚</span> 
     </span>
     <span class='ocr_line' id='line_1_24' title="bbox 114 1174 1095 1220; baseline -0.002 -13"><span class='ocrx_word' id='word_1_141' title='bbox 114 1174 242 1220; x_wconf 89' lang='lat' dir='ltr'>cuique</span> <span class='ocrx_word' id='word_1_142' title='bbox 263 1187 377 1208; x_wconf 89' lang='lat' dir='ltr'>mores</span> <span class='ocrx_word' id='word_1_143' title='bbox 399 1177 576 1209; x_wconf 80' lang='lat' dir='ltr'>fortunam</span> <span class='ocrx_word' id='word_1_144' title='bbox 594 1177 738 1211; x_wconf 84' lang='lat' dir='ltr'>faciunt.</span> <span class='ocrx_word' id='word_1_145' title='bbox 792 1176 868 1210; x_wconf 86' lang='lat' dir='ltr'>Hoc</span> <span class='ocrx_word' id='word_1_146' title='bbox 888 1177 1018 1209; x_wconf 85' lang='lat' dir='ltr'>dictum</span> <span class='ocrx_word' id='word_1_147' title='bbox 1044 1175 1095 1206; x_wconf 83' lang='lat' dir='ltr'>vi-</span> 
     </span>
     <span class='ocr_line' id='line_1_25' title="bbox 114 1226 1121 1271; baseline -0.001 -13"><span class='ocrx_word' id='word_1_148' title='bbox 114 1227 218 1259; x_wconf 89' lang='lat' dir='ltr'>detur</span> <span class='ocrx_word' id='word_1_149' title='bbox 228 1226 425 1270; x_wconf 86' lang='lat' dir='ltr'>discrepare</span> <span class='ocrx_word' id='word_1_150' title='bbox 443 1228 486 1260; x_wconf 90' lang='lat' dir='ltr'>ab</span> <span class='ocrx_word' id='word_1_151' title='bbox 502 1227 568 1259; x_wconf 88' lang='lat' dir='ltr'>alia</span> <span class='ocrx_word' id='word_1_152' title='bbox 586 1227 721 1269; x_wconf 82' lang='lat' dir='ltr'>regula:</span> <span class='ocrx_word' id='word_1_153' title='bbox 741 1226 876 1260; x_wconf 79' lang='lat' dir='ltr'>Multae</span> <span class='ocrx_word' id='word_1_154' title='bbox 894 1226 1094 1260; x_wconf 77' lang='lat' dir='ltr'>tribulatio-</span> <span class='ocrx_word' id='word_1_155' title='bbox 1120 1248 1121 1271; x_wconf 23' lang='grc' dir='ltr'>ζ</span> 
     </span>
     <span class='ocr_line' id='line_1_26' title="bbox 114 1275 1092 1317; baseline -0.002 -8"><span class='ocrx_word' id='word_1_156' title='bbox 114 1288 176 1309; x_wconf 89' lang='lat' dir='ltr'>nes</span> <span class='ocrx_word' id='word_1_157' title='bbox 195 1275 379 1311; x_wconf 84' lang='lat' dir='ltr'>iustorum.</span> <span class='ocrx_word' id='word_1_158' title='bbox 420 1276 488 1317; x_wconf 84' lang='lat' dir='ltr'>Sed</span> <span class='ocrx_word' id='word_1_159' title='bbox 511 1278 710 1310; x_wconf 83' lang='lat' dir='ltr'>conciliatio</span> <span class='ocrx_word' id='word_1_160' title='bbox 730 1275 813 1310; x_wconf 88' lang='lat' dir='ltr'>baec</span> <span class='ocrx_word' id='word_1_161' title='bbox 830 1284 890 1311; x_wconf 79' lang='lat' dir='ltr'>est.</span> <span class='ocrx_word' id='word_1_162' title='bbox 933 1276 1092 1309; x_wconf 74' lang='lat' dir='ltr'>Alterum</span> 
     </span>
     <span class='ocr_line' id='line_1_27' title="bbox 114 1325 1092 1371; baseline 0.001 -12"><span class='ocrx_word' id='word_1_163' title='bbox 114 1333 165 1359; x_wconf 89' lang='lat' dir='ltr'>est</span> <span class='ocrx_word' id='word_1_164' title='bbox 199 1327 340 1371; x_wconf 84' lang='lat' dir='ltr'>politica</span> <span class='ocrx_word' id='word_1_165' title='bbox 376 1328 512 1370; x_wconf 84' lang='lat' dir='ltr'>regula,</span> <span class='ocrx_word' id='word_1_166' title='bbox 548 1339 742 1370; x_wconf 82' lang='lat' dir='ltr'>congruens</span> <span class='ocrx_word' id='word_1_167' title='bbox 772 1340 850 1361; x_wconf 83' lang='lat' dir='ltr'>curn</span> <span class='ocrx_word' id='word_1_168' title='bbox 884 1325 938 1360; x_wconf 87' lang='lat' dir='ltr'>bis</span> <span class='ocrx_word' id='word_1_169' title='bbox 973 1327 1092 1360; x_wconf 81' lang='lat' dir='ltr'>dictis:</span> 
     </span>
     <span class='ocr_line' id='line_1_28' title="bbox 112 1375 1093 1422; baseline -0.001 -12"><span class='ocrx_word' id='word_1_170' title='bbox 112 1375 256 1411; x_wconf 87' lang='lat' dir='ltr'>Atrocia</span> <span class='ocrx_word' id='word_1_171' title='bbox 272 1377 398 1410; x_wconf 87' lang='lat' dir='ltr'>scelera</span> <span class='ocrx_word' id='word_1_172' title='bbox 418 1378 616 1421; x_wconf 86' lang='lat' dir='ltr'>puniuntur</span> <span class='ocrx_word' id='word_1_173' title='bbox 634 1379 811 1412; x_wconf 85' lang='lat' dir='ltr'>atrocibus</span> <span class='ocrx_word' id='word_1_174' title='bbox 827 1378 949 1422; x_wconf 83' lang='lat' dir='ltr'>poenis</span> <span class='ocrx_word' id='word_1_175' title='bbox 972 1378 1008 1410; x_wconf 91' lang='lat' dir='ltr'>in</span> <span class='ocrx_word' id='word_1_176' title='bbox 1029 1375 1093 1410; x_wconf 84' lang='lat' dir='ltr'>bac</span> 
     </span>
     <span class='ocr_line' id='line_1_29' title="bbox 112 1420 1119 1473; baseline 0.004 -14"><span class='ocrx_word' id='word_1_177' title='bbox 112 1428 196 1462; x_wconf 79' lang='lat' dir='ltr'>vita.</span> <span class='ocrx_word' id='word_1_178' title='bbox 251 1427 356 1462; x_wconf 85' lang='lat' dir='ltr'>Item:</span> <span class='ocrx_word' id='word_1_179' title='bbox 385 1428 456 1471; x_wconf 86' lang='lat' dir='ltr'>Qui</span> <span class='ocrx_word' id='word_1_180' title='bbox 477 1429 632 1472; x_wconf 86' lang='lat' dir='ltr'>gladium</span> <span class='ocrx_word' id='word_1_181' title='bbox 655 1431 845 1473; x_wconf 80' lang='lat' dir='ltr'>acceperit,</span> <span class='ocrx_word' id='word_1_182' title='bbox 871 1429 988 1471; x_wconf 86' lang='lat' dir='ltr'>gladio</span> <span class='ocrx_word' id='word_1_183' title='bbox 1015 1440 1092 1471; x_wconf 86' lang='lat' dir='ltr'>per—</span> <span class='ocrx_word' id='word_1_184' title='bbox 1117 1420 1119 1463; x_wconf 60' lang='lat' dir='ltr'>l</span> 
     </span>
     <span class='ocr_line' id='line_1_30' title="bbox 113 1477 1091 1524; baseline 0.001 -14"><span class='ocrx_word' id='word_1_185' title='bbox 113 1478 191 1513; x_wconf 87' lang='lat' dir='ltr'>ibit.</span> <span class='ocrx_word' id='word_1_186' title='bbox 244 1477 376 1513; x_wconf 78' lang='lat' dir='ltr'>Contra</span> <span class='ocrx_word' id='word_1_187' title='bbox 396 1491 476 1512; x_wconf 87' lang='lat' dir='ltr'>vero</span> <span class='ocrx_word' id='word_1_188' title='bbox 495 1480 668 1524; x_wconf 85' lang='lat' dir='ltr'>placidior</span> <span class='ocrx_word' id='word_1_189' title='bbox 693 1492 814 1513; x_wconf 87' lang='lat' dir='ltr'>cursus</span> <span class='ocrx_word' id='word_1_190' title='bbox 839 1480 929 1512; x_wconf 80' lang='lat' dir='ltr'>vitae</span> <span class='ocrx_word' id='word_1_191' title='bbox 955 1487 1003 1512; x_wconf 88' lang='lat' dir='ltr'>est</span> <span class='ocrx_word' id='word_1_192' title='bbox 1029 1477 1091 1511; x_wconf 87' lang='lat' dir='ltr'>bo—</span> 
     </span>
     <span class='ocr_line' id='line_1_31' title="bbox 111 1529 1090 1574; baseline 0 -13"><span class='ocrx_word' id='word_1_193' title='bbox 111 1529 270 1569; x_wconf 89' lang='lat' dir='ltr'>minum,</span> <span class='ocrx_word' id='word_1_194' title='bbox 309 1529 370 1574; x_wconf 91' lang='lat' dir='ltr'>qui</span> <span class='ocrx_word' id='word_1_195' title='bbox 398 1531 552 1564; x_wconf 84' lang='lat' dir='ltr'>modeste</span> <span class='ocrx_word' id='word_1_196' title='bbox 576 1531 712 1564; x_wconf 87' lang='lat' dir='ltr'>vivunt.</span> <span class='ocrx_word' id='word_1_197' title='bbox 773 1530 842 1564; x_wconf 89' lang='lat' dir='ltr'>Sed</span> <span class='ocrx_word' id='word_1_198' title='bbox 875 1531 909 1562; x_wconf 91' lang='lat' dir='ltr'>in</span> <span class='ocrx_word' id='word_1_199' title='bbox 936 1529 1090 1562; x_wconf 83' lang='lat' dir='ltr'>Ecclesia</span> 
     </span>
     <span class='ocr_line' id='line_1_32' title="bbox 113 1580 1092 1625; baseline -0.001 -13"><span class='ocrx_word' id='word_1_200' title='bbox 113 1580 267 1624; x_wconf 88' lang='lat' dir='ltr'>exceptio</span> <span class='ocrx_word' id='word_1_201' title='bbox 285 1587 354 1623; x_wconf 88' lang='lat' dir='ltr'>est,</span> <span class='ocrx_word' id='word_1_202' title='bbox 381 1580 442 1613; x_wconf 89' lang='lat' dir='ltr'>ubi</span> <span class='ocrx_word' id='word_1_203' title='bbox 460 1593 659 1625; x_wconf 82' lang='lat' dir='ltr'>quanquam</span> <span class='ocrx_word' id='word_1_204' title='bbox 680 1580 776 1614; x_wconf 88' lang='lat' dir='ltr'>Deus</span> <span class='ocrx_word' id='word_1_205' title='bbox 799 1581 918 1614; x_wconf 86' lang='lat' dir='ltr'>multis</span> <span class='ocrx_word' id='word_1_206' title='bbox 943 1580 1092 1612; x_wconf 88' lang='lat' dir='ltr'>infirmis</span> 
     </span>
     <span class='ocr_line' id='line_1_33' title="bbox 112 1629 1092 1677; baseline 0 -15"><span class='ocrx_word' id='word_1_207' title='bbox 112 1630 244 1677; x_wconf 87' lang='lat' dir='ltr'>parcit,</span> <span class='ocrx_word' id='word_1_208' title='bbox 271 1637 383 1663; x_wconf 77' lang='lat' dir='ltr'>tamen</span> <span class='ocrx_word' id='word_1_209' title='bbox 410 1631 548 1675; x_wconf 81' lang='lat' dir='ltr'>aliquos</span> <span class='ocrx_word' id='word_1_210' title='bbox 572 1631 707 1664; x_wconf 88' lang='lat' dir='ltr'>duriter</span> <span class='ocrx_word' id='word_1_211' title='bbox 731 1639 876 1666; x_wconf 80' lang='lat' dir='ltr'>exercet.</span> <span class='ocrx_word' id='word_1_212' title='bbox 930 1629 975 1663; x_wconf 88' lang='lat' dir='ltr'>Et</span> <span class='ocrx_word' id='word_1_213' title='bbox 1001 1637 1092 1663; x_wconf 90' lang='lat' dir='ltr'>recte</span> 
     </span>
     <span class='ocr_line' id='line_1_34' title="bbox 111 1679 1118 1725; baseline 0 -14"><span class='ocrx_word' id='word_1_214' title='bbox 111 1679 282 1713; x_wconf 85' lang='lat' dir='ltr'>institutis</span> <span class='ocrx_word' id='word_1_215' title='bbox 303 1687 406 1713; x_wconf 92' lang='lat' dir='ltr'>notae</span> <span class='ocrx_word' id='word_1_216' title='bbox 421 1687 504 1714; x_wconf 87' lang='lat' dir='ltr'>suut</span> <span class='ocrx_word' id='word_1_217' title='bbox 518 1693 658 1717; x_wconf 88' lang='lat' dir='ltr'>causae,</span> <span class='ocrx_word' id='word_1_218' title='bbox 685 1693 791 1725; x_wconf 84' lang='lat' dir='ltr'>quare</span> <span class='ocrx_word' id='word_1_219' title='bbox 809 1680 963 1714; x_wconf 81' lang='lat' dir='ltr'>Ecclesia</span> <span class='ocrx_word' id='word_1_220' title='bbox 982 1680 1091 1722; x_wconf 87' lang='lat' dir='ltr'>magis</span> <span class='ocrx_word' id='word_1_221' title='bbox 1115 1703 1118 1716; x_wconf 85' lang='lat'>.</span> 
     </span>
     <span class='ocr_line' id='line_1_35' title="bbox 111 1720 1117 1775; baseline 0 -13"><span class='ocrx_word' id='word_1_222' title='bbox 111 1736 312 1774; x_wconf 86' lang='lat' dir='ltr'>prematur,</span> <span class='ocrx_word' id='word_1_223' title='bbox 339 1742 442 1775; x_wconf 87' lang='lat' dir='ltr'>quarn</span> <span class='ocrx_word' id='word_1_224' title='bbox 461 1732 584 1763; x_wconf 87' lang='lat' dir='ltr'>caeteri</span> <span class='ocrx_word' id='word_1_225' title='bbox 603 1729 776 1765; x_wconf 84' lang='lat' dir='ltr'>homines.</span> <span class='ocrx_word' id='word_1_226' title='bbox 830 1730 984 1775; x_wconf 86' lang='lat' dir='ltr'>Oportet</span> <span class='ocrx_word' id='word_1_227' title='bbox 998 1731 1090 1763; x_wconf 88' lang='lat' dir='ltr'>enim</span> <span class='ocrx_word' id='word_1_228' title='bbox 1116 1720 1117 1732; x_wconf 16' lang='grc' dir='ltr'>ἵ</span> 
     </span>
     <span class='ocr_line' id='line_1_36' title="bbox 111 1780 1117 1833; baseline 0.003 -21"><span class='ocrx_word' id='word_1_229' title='bbox 111 1791 176 1813; x_wconf 93' lang='lat' dir='ltr'>nos</span> <span class='ocrx_word' id='word_1_230' title='bbox 195 1780 327 1813; x_wconf 86' lang='lat' dir='ltr'>similes</span> <span class='ocrx_word' id='word_1_231' title='bbox 345 1781 417 1813; x_wconf 80' lang='lat' dir='ltr'>fieri</span> <span class='ocrx_word' id='word_1_232' title='bbox 435 1781 596 1823; x_wconf 78' lang='lat' dir='ltr'>imaginis</span> <span class='ocrx_word' id='word_1_233' title='bbox 616 1781 695 1813; x_wconf 88' lang='lat' dir='ltr'>Filii</span> <span class='ocrx_word' id='word_1_234' title='bbox 717 1781 793 1814; x_wconf 90' lang='lat' dir='ltr'>Dei.</span> <span class='ocrx_word' id='word_1_235' title='bbox 1114 1784 1117 1833; x_wconf 57' lang='lat' dir='ltr'>J</span> 
     </span>
    </p>

    <p class='ocr_par' dir='ltr' id='par_1_7' title="bbox 107 1844 1115 2144">
     <span class='ocr_line' id='line_1_37' title="bbox 212 1844 1115 1892; baseline 0 -12"><span class='ocrx_word' id='word_1_236' title='bbox 212 1846 396 1880; x_wconf 86' lang='lat' dir='ltr'>Sententia</span> <span class='ocrx_word' id='word_1_237' title='bbox 422 1844 624 1890; x_wconf 89' lang='lat' dir='ltr'>prophetica</span> <span class='ocrx_word' id='word_1_238' title='bbox 650 1848 753 1881; x_wconf 89' lang='lat' dir='ltr'>dicit:</span> <span class='ocrx_word' id='word_1_239' title='bbox 791 1847 1003 1880; x_wconf 78' lang='lat' dir='ltr'>Maledictus</span> <span class='ocrx_word' id='word_1_240' title='bbox 1029 1848 1087 1892; x_wconf 87' lang='lat' dir='ltr'>qni</span> <span class='ocrx_word' id='word_1_241' title='bbox 1114 1850 1115 1864; x_wconf 65' lang='lat'>¹</span> 
     </span>
     <span class='ocr_line' id='line_1_38' title="bbox 109 1888 1115 1940; baseline 0 -10"><span class='ocrx_word' id='word_1_242' title='bbox 109 1897 252 1931; x_wconf 87' lang='lat' dir='ltr'>confidit</span> <span class='ocrx_word' id='word_1_243' title='bbox 271 1898 306 1930; x_wconf 95' lang='lat' dir='ltr'>in</span> <span class='ocrx_word' id='word_1_244' title='bbox 325 1895 482 1932; x_wconf 86' lang='lat' dir='ltr'>homine.</span> <span class='ocrx_word' id='word_1_245' title='bbox 535 1897 572 1930; x_wconf 93' lang='lat' dir='ltr'>Id</span> <span class='ocrx_word' id='word_1_246' title='bbox 595 1899 755 1940; x_wconf 85' lang='lat' dir='ltr'>congruit</span> <span class='ocrx_word' id='word_1_247' title='bbox 775 1910 852 1931; x_wconf 89' lang='lat' dir='ltr'>cum</span> <span class='ocrx_word' id='word_1_248' title='bbox 874 1899 981 1931; x_wconf 87' lang='lat' dir='ltr'>dicto:</span> <span class='ocrx_word' id='word_1_249' title='bbox 1002 1898 1088 1931; x_wconf 73' lang='lat' dir='ltr'>Ner-</span> <span class='ocrx_word' id='word_1_250' title='bbox 1113 1888 1115 1913; x_wconf 64' lang='lat'><strong><em>⁴</em></strong></span> 
     </span>
     <span class='ocr_line' id='line_1_39' title="bbox 108 1946 1114 1996; baseline 0 -16"><span class='ocrx_word' id='word_1_251' title='bbox 108 1959 173 1981; x_wconf 75' lang='lat' dir='ltr'>vus</span> <span class='ocrx_word' id='word_1_252' title='bbox 188 1955 291 1993; x_wconf 88' lang='lat' dir='ltr'>atque</span> <span class='ocrx_word' id='word_1_253' title='bbox 310 1954 405 1981; x_wconf 85' lang='lat' dir='ltr'>artus</span> <span class='ocrx_word' id='word_1_254' title='bbox 423 1960 494 1981; x_wconf 88' lang='lat' dir='ltr'>esse</span> <span class='ocrx_word' id='word_1_255' title='bbox 509 1949 701 1990; x_wconf 77' lang='lat' dir='ltr'>sapientiae</span> <span class='ocrx_word' id='word_1_256' title='bbox 718 1949 804 1982; x_wconf 83' lang='lat' dir='ltr'>illud</span> <span class='ocrx_word' id='word_1_257' title='bbox 821 1946 1087 1996; x_wconf 78' lang='lat' dir='ltr'>Epicharmion:</span> <span class='ocrx_word' id='word_1_258' title='bbox 1112 1962 1114 1976; x_wconf 79' lang='lat' dir='ltr'><strong>z</strong></span> 
     </span>
     <span class='ocr_line' id='line_1_40' title="bbox 107 1996 1088 2043; baseline -0.001 -11"><span class='ocrx_word' id='word_1_259' title='bbox 107 1996 292 2043; x_wconf 55' lang='lat' dir='ltr'>Ille&#39;sswrloo</span> <span class='ocrx_word' id='word_1_260' title='bbox 309 1997 488 2033; x_wconf 70' lang='grc' dir='ltr'><em>ἀπιστεῖν.</em></span> <span class='ocrx_word' id='word_1_261' title='bbox 543 1999 602 2033; x_wconf 89' lang='lat' dir='ltr'>Sic</span> <span class='ocrx_word' id='word_1_262' title='bbox 622 2007 655 2033; x_wconf 89' lang='lat' dir='ltr'>et</span> <span class='ocrx_word' id='word_1_263' title='bbox 674 1999 773 2033; x_wconf 81' lang='lat' dir='ltr'>Plato</span> <span class='ocrx_word' id='word_1_264' title='bbox 793 2007 928 2039; x_wconf 85' lang='lat' dir='ltr'>monet,</span> <span class='ocrx_word' id='word_1_265' title='bbox 953 2011 995 2032; x_wconf 87' lang='lat' dir='ltr'>ne.</span> <span class='ocrx_word' id='word_1_266' title='bbox 1013 2011 1088 2042; x_wconf 82' lang='lat' dir='ltr'>spes</span> 
     </span>
     <span class='ocr_line' id='line_1_41' title="bbox 107 2048 1087 2090; baseline 0 -8"><span class='ocrx_word' id='word_1_267' title='bbox 107 2049 211 2083; x_wconf 86' lang='lat' dir='ltr'>nobis</span> <span class='ocrx_word' id='word_1_268' title='bbox 239 2061 257 2082; x_wconf 85' lang='lat' dir='ltr'>a</span> <span class='ocrx_word' id='word_1_269' title='bbox 281 2051 440 2090; x_wconf 83' lang='lat' dir='ltr'>fortuna,</span> <span class='ocrx_word' id='word_1_270' title='bbox 466 2056 526 2082; x_wconf 90' lang='lat' dir='ltr'>aut</span> <span class='ocrx_word' id='word_1_271' title='bbox 552 2050 596 2083; x_wconf 87' lang='lat' dir='ltr'>ab</span> <span class='ocrx_word' id='word_1_272' title='bbox 621 2048 806 2083; x_wconf 88' lang='lat' dir='ltr'>bominum</span> <span class='ocrx_word' id='word_1_273' title='bbox 827 2050 1087 2083; x_wconf 86' lang='lat' dir='ltr'>coniunctioni-</span> 
     </span>
     <span class='ocr_line' id='line_1_42' title="bbox 107 2098 985 2144; baseline 0.002 -10"><span class='ocrx_word' id='word_1_274' title='bbox 107 2102 174 2134; x_wconf 89' lang='lat' dir='ltr'>bus</span> <span class='ocrx_word' id='word_1_275' title='bbox 191 2101 383 2144; x_wconf 85' lang='lat' dir='ltr'>pendeant:</span> <span class='ocrx_word' id='word_1_276' title='bbox 412 2102 470 2134; x_wconf 87' lang='lat' dir='ltr'>sed</span> <span class='ocrx_word' id='word_1_277' title='bbox 497 2098 588 2133; x_wconf 89' lang='lat' dir='ltr'>nihil</span> <span class='ocrx_word' id='word_1_278' title='bbox 603 2101 688 2134; x_wconf 89' lang='lat' dir='ltr'>dicit</span> <span class='ocrx_word' id='word_1_279' title='bbox 705 2102 748 2134; x_wconf 91' lang='lat' dir='ltr'>de</span> <span class='ocrx_word' id='word_1_280' title='bbox 766 2102 891 2134; x_wconf 79' lang='lat' dir='ltr'>fiducia</span> <span class='ocrx_word' id='word_1_281' title='bbox 912 2101 985 2136; x_wconf 88' lang='lat' dir='ltr'>Dei.</span> 
     </span>
    </p>
   </div>
   <div class='ocr_carea' id='block_1_6' title="bbox 107 2165 1115 2314">
    <p class='ocr_par' dir='ltr' id='par_1_8' title="bbox 107 2165 1115 2314">
     <span class='ocr_line' id='line_1_43' title="bbox 209 2165 1115 2215; baseline 0.003 -18"><span class='ocrx_word' id='word_1_282' title='bbox 209 2166 326 2200; x_wconf 78' lang='lat' dir='ltr'>Verba</span> <span class='ocrx_word' id='word_1_283' title='bbox 344 2165 522 2207; x_wconf 85' lang='lat' dir='ltr'>Platonis,</span> <span class='ocrx_word' id='word_1_284' title='bbox 548 2168 582 2200; x_wconf 92' lang='lat' dir='ltr'>in</span> <span class='ocrx_word' id='word_1_285' title='bbox 609 2165 788 2211; x_wconf 85' lang='lat' dir='ltr'>epitaphio</span> <span class='ocrx_word' id='word_1_286' title='bbox 813 2168 943 2211; x_wconf 86' lang='lat' dir='ltr'>posita,</span> <span class='ocrx_word' id='word_1_287' title='bbox 969 2167 1086 2200; x_wconf 87' lang='lat' dir='ltr'>reddi·</span> <span class='ocrx_word' id='word_1_288' title='bbox 1111 2189 1115 2215; x_wconf 67' lang='grc' dir='ltr'>Ι</span> 
     </span>
     <span class='ocr_line' id='line_1_44' title="bbox 108 2214 1115 2268; baseline -0.002 -16"><span class='ocrx_word' id='word_1_289' title='bbox 108 2219 160 2252; x_wconf 91' lang='lat' dir='ltr'>dit</span> <span class='ocrx_word' id='word_1_290' title='bbox 182 2217 303 2252; x_wconf 91' lang='lat' dir='ltr'>Cicero</span> <span class='ocrx_word' id='word_1_291' title='bbox 337 2214 404 2250; x_wconf 86' lang='lat' dir='ltr'>hoc</span> <span class='ocrx_word' id='word_1_292' title='bbox 426 2218 548 2251; x_wconf 91' lang='lat' dir='ltr'>modo:</span> <span class='ocrx_word' id='word_1_293' title='bbox 585 2217 673 2250; x_wconf 82' lang='lat' dir='ltr'>Nam</span> <span class='ocrx_word' id='word_1_294' title='bbox 697 2219 753 2251; x_wconf 89' lang='lat' dir='ltr'>cui</span> <span class='ocrx_word' id='word_1_295' title='bbox 780 2218 857 2251; x_wconf 81' lang='lat' dir='ltr'>viro</span> <span class='ocrx_word' id='word_1_296' title='bbox 887 2231 925 2251; x_wconf 82' lang='lat' dir='ltr'>ex</span> <span class='ocrx_word' id='word_1_297' title='bbox 946 2230 981 2250; x_wconf 91' lang='lat' dir='ltr'>se</span> <span class='ocrx_word' id='word_1_298' title='bbox 1013 2219 1087 2261; x_wconf 89' lang='lat' dir='ltr'>ipso</span> <span class='ocrx_word' id='word_1_299' title='bbox 1112 2242 1115 2268; x_wconf 41' lang='grc' dir='ltr'><strong>ι</strong></span> 
     </span>
     <span class='ocr_line' id='line_1_45' title="bbox 107 2267 1089 2314; baseline -0.002 -12"><span class='ocrx_word' id='word_1_300' title='bbox 107 2276 187 2314; x_wconf 86' lang='lat' dir='ltr'>apta</span> <span class='ocrx_word' id='word_1_301' title='bbox 204 2275 285 2302; x_wconf 88' lang='lat' dir='ltr'>sunt</span> <span class='ocrx_word' id='word_1_302' title='bbox 304 2267 442 2308; x_wconf 87' lang='lat' dir='ltr'>omnia,</span> <span class='ocrx_word' id='word_1_303' title='bbox 472 2280 560 2312; x_wconf 88' lang='lat' dir='ltr'>quae</span> <span class='ocrx_word' id='word_1_304' title='bbox 573 2268 614 2300; x_wconf 89' lang='lat' dir='ltr'>ad</span> <span class='ocrx_word' id='word_1_305' title='bbox 634 2269 732 2301; x_wconf 90' lang='lat' dir='ltr'>beate</span> <span class='ocrx_word' id='word_1_306' title='bbox 753 2269 942 2302; x_wconf 82' lang='lat' dir='ltr'>vivendum</span> <span class='ocrx_word' id='word_1_307' title='bbox 961 2270 1089 2309; x_wconf 86' lang='lat' dir='ltr'>serunt,</span> 
     </span>
    </p>
   </div>
   <div class='ocr_carea' id='block_1_7' title="bbox 106 2317 1115 2363">
    <p class='ocr_par' dir='ltr' id='par_1_9' title="bbox 106 2317 1115 2363">
     <span class='ocr_line' id='line_1_46' title="bbox 106 2317 1115 2363; baseline -0.001 -10"><span class='ocrx_word' id='word_1_308' title='bbox 106 2332 170 2353; x_wconf 88' lang='lat' dir='ltr'>nec</span> <span class='ocrx_word' id='word_1_309' title='bbox 184 2331 350 2363; x_wconf 85' lang='lat' dir='ltr'>suspensa</span> <span class='ocrx_word' id='word_1_310' title='bbox 369 2318 520 2351; x_wconf 88' lang='lat' dir='ltr'>aliorum</span> <span class='ocrx_word' id='word_1_311' title='bbox 543 2325 602 2352; x_wconf 90' lang='lat' dir='ltr'>aut</span> <span class='ocrx_word' id='word_1_312' title='bbox 625 2319 718 2351; x_wconf 90' lang='lat' dir='ltr'>bono</span> <span class='ocrx_word' id='word_1_313' title='bbox 741 2331 840 2359; x_wconf 84' lang='lat' dir='ltr'>casu,</span> <span class='ocrx_word' id='word_1_314' title='bbox 866 2327 925 2352; x_wconf 88' lang='lat' dir='ltr'>aut</span> <span class='ocrx_word' id='word_1_315' title='bbox 949 2327 1088 2352; x_wconf 86' lang='lat' dir='ltr'>contra-</span> <span class='ocrx_word' id='word_1_316' title='bbox 1111 2317 1115 2346; x_wconf 68' lang='lat'>⁸</span> 
     </span>
    </p>
   </div>
   <div class='ocr_carea' id='block_1_8' title="bbox 813 110 1588 151">
    <p class='ocr_par' dir='ltr' id='par_1_10' title="bbox 813 110 1588 151">
     <span class='ocr_line' id='line_1_47' title="bbox 813 110 1588 151; baseline 0.004 -4"><span class='ocrx_word' id='word_1_317' title='bbox 813 111 1110 149; x_wconf 76' lang='lat' dir='ltr'>ENARRA&#39;t&#39;to</span> <span class='ocrx_word' id='word_1_318' title='bbox 1137 112 1188 147; x_wconf 88' lang='lat' dir='ltr'>IN</span> <span class='ocrx_word' id='word_1_319' title='bbox 1213 110 1588 151; x_wconf 73' lang='lat' dir='ltr'>ECCLESIASTEN.</span> 
     </span>
    </p>
   </div>
   <div class='ocr_carea' id='block_1_9' title="bbox 1120 1068 1200 1107">
    <p class='ocr_par' dir='ltr' id='par_1_11' title="bbox 1120 1068 1200 1107">
     <span class='ocr_line' id='line_1_48' title="bbox 1120 1068 1200 1107; baseline -0.013 0"><span class='ocrx_word' id='word_1_320' title='bbox 1120 1068 1122 1103; x_wconf 56' lang='grc' dir='ltr'><strong><em>Ῐ</em></strong></span> <span class='ocrx_word' id='word_1_321' title='bbox 1148 1082 1200 1107; x_wconf 89' lang='lat' dir='ltr'>tae</span> 
     </span>
    </p>
   </div>
   <div class='ocr_carea' id='block_1_10' title="bbox 1116 1742 1264 1776">
    <p class='ocr_par' dir='ltr' id='par_1_12' title="bbox 1116 1742 1264 1776">
     <span class='ocr_line' id='line_1_49' title="bbox 1116 1742 1264 1776; baseline 0 -2"><span class='ocrx_word' id='word_1_322' title='bbox 1116 1765 1117 1768; x_wconf 60' lang='lat'><em>=</em></span> <span class='ocrx_word' id='word_1_323' title='bbox 1143 1742 1264 1776; x_wconf 72' lang='lat' dir='ltr'>tiones.</span> 
     </span>
    </p>
   </div>
   <div class='ocr_carea' id='block_1_11' title="bbox 1113 1837 1969 1886">
    <p class='ocr_par' dir='ltr' id='par_1_13' title="bbox 1113 1837 1969 1886">
     <span class='ocr_line' id='line_1_50' title="bbox 1113 1837 1969 1886; baseline -0.004 -11"><span class='ocrx_word' id='word_1_324' title='bbox 1113 1837 1116 1843; x_wconf 49' lang='lat'>¹</span> <span class='ocrx_word' id='word_1_325' title='bbox 1143 1850 1265 1885; x_wconf 73' lang='lat' dir='ltr'>regunt</span> <span class='ocrx_word' id='word_1_326' title='bbox 1290 1840 1468 1878; x_wconf 77' lang='lat' dir='ltr'>homines,</span> <span class='ocrx_word' id='word_1_327' title='bbox 1506 1847 1596 1873; x_wconf 84' lang='lat' dir='ltr'>certa</span> <span class='ocrx_word' id='word_1_328' title='bbox 1623 1847 1714 1874; x_wconf 85' lang='lat' dir='ltr'>stant</span> <span class='ocrx_word' id='word_1_329' title='bbox 1741 1842 1859 1874; x_wconf 78' lang='lat' dir='ltr'>omnia</span> <span class='ocrx_word' id='word_1_330' title='bbox 1886 1843 1969 1886; x_wconf 58' lang='lat' dir='ltr'>lege.</span> 
     </span>
    </p>
   </div>
   <div class='ocr_carea' id='block_1_12' title="bbox 2065 118 2136 153">
    <p class='ocr_par' dir='ltr' id='par_1_14' title="bbox 2065 118 2136 153">
     <span class='ocr_line' id='line_1_51' title="bbox 2065 118 2136 153; baseline 0.028 -2"><span class='ocrx_word' id='word_1_331' title='bbox 2065 118 2136 153; x_wconf 88' lang='lat'>150</span> 
     </span>
    </p>
   </div>
   <div class='ocr_carea' id='block_1_13' title="bbox 1151 197 2133 493">
    <p class='ocr_par' dir='ltr' id='par_1_15' title="bbox 1151 197 2133 493">
     <span class='ocr_line' id='line_1_52' title="bbox 1152 197 2133 242; baseline 0.006 -13"><span class='ocrx_word' id='word_1_332' title='bbox 1152 209 1255 230; x_wconf 88' lang='lat' dir='ltr'>mana</span> <span class='ocrx_word' id='word_1_333' title='bbox 1279 197 1424 230; x_wconf 89' lang='lat' dir='ltr'>consilia</span> <span class='ocrx_word' id='word_1_334' title='bbox 1450 199 1589 239; x_wconf 83' lang='lat' dir='ltr'>omnia,</span> <span class='ocrx_word' id='word_1_335' title='bbox 1615 210 1650 231; x_wconf 90' lang='lat' dir='ltr'>se</span> <span class='ocrx_word' id='word_1_336' title='bbox 1669 199 1742 232; x_wconf 87' lang='lat' dir='ltr'>vult</span> <span class='ocrx_word' id='word_1_337' title='bbox 1767 201 1905 242; x_wconf 75' lang='lat' dir='ltr'>agnosci</span> <span class='ocrx_word' id='word_1_338' title='bbox 1929 208 1961 235; x_wconf 87' lang='lat' dir='ltr'>et</span> <span class='ocrx_word' id='word_1_339' title='bbox 1977 201 2133 235; x_wconf 86' lang='lat' dir='ltr'>invocari</span> 
     </span>
     <span class='ocr_line' id='line_1_53' title="bbox 1152 247 2133 295; baseline 0.005 -14"><span class='ocrx_word' id='word_1_340' title='bbox 1152 247 1267 288; x_wconf 79' lang='lat' dir='ltr'>Deus,</span> <span class='ocrx_word' id='word_1_341' title='bbox 1297 255 1328 280; x_wconf 90' lang='lat' dir='ltr'>et</span> <span class='ocrx_word' id='word_1_342' title='bbox 1349 248 1536 291; x_wconf 89' lang='lat' dir='ltr'>pollicetur</span> <span class='ocrx_word' id='word_1_343' title='bbox 1560 250 1738 283; x_wconf 81' lang='lat' dir='ltr'>auxilium.</span> <span class='ocrx_word' id='word_1_344' title='bbox 1793 249 1837 284; x_wconf 85' lang='lat' dir='ltr'>Et</span> <span class='ocrx_word' id='word_1_345' title='bbox 1858 263 1910 284; x_wconf 89' lang='lat' dir='ltr'>res</span> <span class='ocrx_word' id='word_1_346' title='bbox 1926 252 1998 295; x_wconf 86' lang='lat' dir='ltr'>ipsa</span> <span class='ocrx_word' id='word_1_347' title='bbox 2016 261 2133 286; x_wconf 81' lang='lat' dir='ltr'>osten·</span> 
     </span>
     <span class='ocr_line' id='line_1_54' title="bbox 1152 299 2132 342; baseline 0.006 -12"><span class='ocrx_word' id='word_1_348' title='bbox 1152 299 1220 338; x_wconf 91' lang='lat' dir='ltr'>dit,</span> <span class='ocrx_word' id='word_1_349' title='bbox 1248 299 1497 330; x_wconf 78' lang='lat' dir='ltr'>invocantibus</span> <span class='ocrx_word' id='word_1_350' title='bbox 1527 299 1677 342; x_wconf 80' lang='lat' dir='ltr'>mitigari</span> <span class='ocrx_word' id='word_1_351' title='bbox 1701 301 1929 340; x_wconf 83' lang='lat' dir='ltr'>calamitates,</span> <span class='ocrx_word' id='word_1_352' title='bbox 1962 303 2050 336; x_wconf 92' lang='lat' dir='ltr'>sicut</span> <span class='ocrx_word' id='word_1_353' title='bbox 2077 304 2132 336; x_wconf 92' lang='lat' dir='ltr'>di-</span> 
     </span>
     <span class='ocr_line' id='line_1_55' title="bbox 1152 347 2131 397; baseline 0.005 -15"><span class='ocrx_word' id='word_1_354' title='bbox 1152 356 1246 382; x_wconf 88' lang='lat' dir='ltr'>ctum</span> <span class='ocrx_word' id='word_1_355' title='bbox 1271 355 1336 381; x_wconf 88' lang='lat' dir='ltr'>est:</span> <span class='ocrx_word' id='word_1_356' title='bbox 1365 348 1479 391; x_wconf 87' lang='lat' dir='ltr'>Prope</span> <span class='ocrx_word' id='word_1_357' title='bbox 1504 355 1552 381; x_wconf 92' lang='lat' dir='ltr'>est</span> <span class='ocrx_word' id='word_1_358' title='bbox 1576 347 1751 383; x_wconf 85' lang='lat' dir='ltr'>Dominus</span> <span class='ocrx_word' id='word_1_359' title='bbox 1776 349 1848 391; x_wconf 86' lang='lat' dir='ltr'>bis,</span> <span class='ocrx_word' id='word_1_360' title='bbox 1877 354 1936 397; x_wconf 89' lang='lat' dir='ltr'>qui</span> <span class='ocrx_word' id='word_1_361' title='bbox 1962 354 2131 388; x_wconf 89' lang='lat' dir='ltr'>tribulato</span> 
     </span>
     <span class='ocr_line' id='line_1_56' title="bbox 1151 397 2130 447; baseline 0.007 -16"><span class='ocrx_word' id='word_1_362' title='bbox 1151 406 1231 432; x_wconf 89' lang='lat' dir='ltr'>sunt</span> <span class='ocrx_word' id='word_1_363' title='bbox 1259 400 1372 431; x_wconf 87' lang='lat' dir='ltr'>corde.</span> <span class='ocrx_word' id='word_1_364' title='bbox 1426 398 1528 432; x_wconf 84' lang='lat' dir='ltr'>Item:</span> <span class='ocrx_word' id='word_1_365' title='bbox 1557 397 1816 433; x_wconf 67' lang='lat' dir='ltr'>Converti-nini</span> <span class='ocrx_word' id='word_1_366' title='bbox 1841 405 1883 435; x_wconf 81' lang='lat' dir='ltr'>ad</span> <span class='ocrx_word' id='word_1_367' title='bbox 1909 416 1981 445; x_wconf 88' lang='lat' dir='ltr'>me,</span> <span class='ocrx_word' id='word_1_368' title='bbox 2008 414 2039 437; x_wconf 87' lang='lat' dir='ltr'>et</span> <span class='ocrx_word' id='word_1_369' title='bbox 2068 416 2130 447; x_wconf 82' lang='lat' dir='ltr'>ego</span> 
     </span>
     <span class='ocr_line' id='line_1_57' title="bbox 1151 447 2132 493; baseline 0.007 -11"><span class='ocrx_word' id='word_1_370' title='bbox 1151 457 1334 483; x_wconf 77' lang='lat' dir='ltr'>convertar</span> <span class='ocrx_word' id='word_1_371' title='bbox 1350 450 1390 481; x_wconf 91' lang='lat' dir='ltr'>ad</span> <span class='ocrx_word' id='word_1_372' title='bbox 1410 462 1479 483; x_wconf 79' lang='lat' dir='ltr'>vos.</span> <span class='ocrx_word' id='word_1_373' title='bbox 1536 447 1638 482; x_wconf 88' lang='lat' dir='ltr'>ltem:</span> <span class='ocrx_word' id='word_1_374' title='bbox 1666 449 1702 483; x_wconf 88' lang='lat' dir='ltr'>Si</span> <span class='ocrx_word' id='word_1_375' title='bbox 1731 459 1866 493; x_wconf 84' lang='lat' dir='ltr'>peccata</span> <span class='ocrx_word' id='word_1_376' title='bbox 1891 461 2001 487; x_wconf 87' lang='lat' dir='ltr'>vestra</span> <span class='ocrx_word' id='word_1_377' title='bbox 2029 462 2132 489; x_wconf 87' lang='lat' dir='ltr'>erunt</span> 
     </span>
    </p>
   </div>
   <div class='ocr_carea' id='block_1_14' title="bbox 1123 500 1999 538">
    <p class='ocr_par' dir='ltr' id='par_1_16' title="bbox 1123 500 1999 538">
     <span class='ocr_line' id='line_1_58' title="bbox 1123 500 1999 538; baseline 0.006 -5"><span class='ocrx_word' id='word_1_378' title='bbox 1123 511 1126 533; x_wconf 82' lang='grc'><strong><em>;</em></strong></span> <span class='ocrx_word' id='word_1_379' title='bbox 1149 501 1237 534; x_wconf 88' lang='lat' dir='ltr'>sicut</span> <span class='ocrx_word' id='word_1_380' title='bbox 1252 501 1452 538; x_wconf 85' lang='lat' dir='ltr'>coccinum,</span> <span class='ocrx_word' id='word_1_381' title='bbox 1480 500 1576 533; x_wconf 84' lang='lat' dir='ltr'>eritis</span> <span class='ocrx_word' id='word_1_382' title='bbox 1594 501 1734 533; x_wconf 86' lang='lat' dir='ltr'>candidi</span> <span class='ocrx_word' id='word_1_383' title='bbox 1753 501 1842 535; x_wconf 84' lang='lat' dir='ltr'>sicut</span> <span class='ocrx_word' id='word_1_384' title='bbox 1861 503 1917 535; x_wconf 86' lang='lat' dir='ltr'>nix</span> <span class='ocrx_word' id='word_1_385' title='bbox 1936 511 1999 538; x_wconf 88' lang='lat' dir='ltr'>etc.</span> 
     </span>
    </p>
   </div>
   <div class='ocr_carea' id='block_1_15' title="bbox 1148 558 2130 906">
    <p class='ocr_par' dir='ltr' id='par_1_17' title="bbox 1148 558 2130 906">
     <span class='ocr_line' id='line_1_59' title="bbox 1252 558 2130 603; baseline 0.009 -12"><span class='ocrx_word' id='word_1_386' title='bbox 1252 559 1412 603; x_wconf 87' lang='lat' dir='ltr'>Pugnare</span> <span class='ocrx_word' id='word_1_387' title='bbox 1440 561 1604 594; x_wconf 77' lang='lat' dir='ltr'>videntur</span> <span class='ocrx_word' id='word_1_388' title='bbox 1628 568 1660 594; x_wconf 91' lang='lat' dir='ltr'>et</span> <span class='ocrx_word' id='word_1_389' title='bbox 1682 558 1746 594; x_wconf 91' lang='lat' dir='ltr'>hoc</span> <span class='ocrx_word' id='word_1_390' title='bbox 1764 561 1984 597; x_wconf 83' lang='lat' dir='ltr'>Ennianum:</span> <span class='ocrx_word' id='word_1_391' title='bbox 2015 564 2130 600; x_wconf 80' lang='lat' dir='ltr'>Forti-</span> 
     </span>
     <span class='ocr_line' id='line_1_60' title="bbox 1150 611 2128 649; baseline 0.005 -5"><span class='ocrx_word' id='word_1_392' title='bbox 1150 613 1214 644; x_wconf 86' lang='lat' dir='ltr'>bus</span> <span class='ocrx_word' id='word_1_393' title='bbox 1245 619 1295 644; x_wconf 86' lang='lat' dir='ltr'>est</span> <span class='ocrx_word' id='word_1_394' title='bbox 1327 611 1466 643; x_wconf 83' lang='lat' dir='ltr'>fortuna</span> <span class='ocrx_word' id='word_1_395' title='bbox 1495 611 1577 643; x_wconf 77' lang='lat' dir='ltr'>viris</span> <span class='ocrx_word' id='word_1_396' title='bbox 1601 612 1692 646; x_wconf 87' lang='lat' dir='ltr'>data.</span> <span class='ocrx_word' id='word_1_397' title='bbox 1745 611 1790 646; x_wconf 86' lang='lat' dir='ltr'>Et</span> <span class='ocrx_word' id='word_1_398' title='bbox 1819 613 1884 647; x_wconf 91' lang='lat' dir='ltr'>hoc</span> <span class='ocrx_word' id='word_1_399' title='bbox 1911 614 2128 649; x_wconf 88' lang='lat' dir='ltr'>Salomonis:</span> 
     </span>
     <span class='ocr_line' id='line_1_61' title="bbox 1150 662 2128 700; baseline 0.006 -6"><span class='ocrx_word' id='word_1_400' title='bbox 1150 662 1227 695; x_wconf 79' lang='lat' dir='ltr'>Non</span> <span class='ocrx_word' id='word_1_401' title='bbox 1242 669 1289 694; x_wconf 89' lang='lat' dir='ltr'>est</span> <span class='ocrx_word' id='word_1_402' title='bbox 1307 662 1450 694; x_wconf 85' lang='lat' dir='ltr'>fortium</span> <span class='ocrx_word' id='word_1_403' title='bbox 1472 673 1602 696; x_wconf 88' lang='lat' dir='ltr'>cursus.</span> <span class='ocrx_word' id='word_1_404' title='bbox 1654 662 1721 695; x_wconf 86' lang='lat' dir='ltr'>Sed</span> <span class='ocrx_word' id='word_1_405' title='bbox 1741 676 1819 697; x_wconf 77' lang='lat' dir='ltr'>vera</span> <span class='ocrx_word' id='word_1_406' title='bbox 1843 666 2043 699; x_wconf 86' lang='lat' dir='ltr'>conciliatio</span> <span class='ocrx_word' id='word_1_407' title='bbox 2070 674 2128 700; x_wconf 90' lang='lat' dir='ltr'>est.</span> 
     </span>
     <span class='ocr_line' id='line_1_62' title="bbox 1150 712 2128 754; baseline 0.006 -9"><span class='ocrx_word' id='word_1_408' title='bbox 1150 712 1309 745; x_wconf 70' lang='lat' dir='ltr'>Alterum</span> <span class='ocrx_word' id='word_1_409' title='bbox 1329 719 1417 745; x_wconf 75' lang='lat' dir='ltr'>taxat</span> <span class='ocrx_word' id='word_1_410' title='bbox 1437 713 1590 754; x_wconf 73' lang='lat' dir='ltr'>ignavos.</span> <span class='ocrx_word' id='word_1_411' title='bbox 1627 714 1787 745; x_wconf 70' lang='lat' dir='ltr'>Alterum</span> <span class='ocrx_word' id='word_1_412' title='bbox 1807 716 1949 750; x_wconf 86' lang='lat' dir='ltr'>damnat</span> <span class='ocrx_word' id='word_1_413' title='bbox 1966 717 2128 750; x_wconf 86' lang='lat' dir='ltr'>fiduciam</span> 
     </span>
     <span class='ocr_line' id='line_1_63' title="bbox 1150 763 2126 805; baseline 0.006 -10"><span class='ocrx_word' id='word_1_414' title='bbox 1150 770 1288 796; x_wconf 76' lang='lat' dir='ltr'>nostrae</span> <span class='ocrx_word' id='word_1_415' title='bbox 1315 763 1472 799; x_wconf 71' lang='lat' dir='ltr'>virtutis,</span> <span class='ocrx_word' id='word_1_416' title='bbox 1503 769 1534 795; x_wconf 88' lang='lat' dir='ltr'>et</span> <span class='ocrx_word' id='word_1_417' title='bbox 1557 763 1809 805; x_wconf 76' lang='lat' dir='ltr'>neglectionem</span> <span class='ocrx_word' id='word_1_418' title='bbox 1836 764 1918 803; x_wconf 81' lang='lat' dir='ltr'>Dei,</span> <span class='ocrx_word' id='word_1_419' title='bbox 1955 774 1987 800; x_wconf 91' lang='lat' dir='ltr'>et</span> <span class='ocrx_word' id='word_1_420' title='bbox 2013 775 2126 801; x_wconf 82' lang='lat' dir='ltr'>tamen</span> 
     </span>
     <span class='ocr_line' id='line_1_64' title="bbox 1148 809 2127 858; baseline 0.008 -14"><span class='ocrx_word' id='word_1_421' title='bbox 1148 826 1267 846; x_wconf 82' lang='lat' dir='ltr'>verum</span> <span class='ocrx_word' id='word_1_422' title='bbox 1293 820 1362 850; x_wconf 77' lang='lat' dir='ltr'>est,</span> <span class='ocrx_word' id='word_1_423' title='bbox 1390 812 1580 851; x_wconf 83' lang='lat' dir='ltr'>Davidem,</span> <span class='ocrx_word' id='word_1_424' title='bbox 1613 809 1693 846; x_wconf 83' lang='lat' dir='ltr'>cum</span> <span class='ocrx_word' id='word_1_425' title='bbox 1722 815 1830 848; x_wconf 76' lang='lat' dir='ltr'>vincit</span> <span class='ocrx_word' id='word_1_426' title='bbox 1858 815 2022 858; x_wconf 68' lang='lat' dir='ltr'>(jonath,</span> <span class='ocrx_word' id='word_1_427' title='bbox 2057 832 2127 852; x_wconf 85' lang='lat' dir='ltr'>non</span> 
     </span>
     <span class='ocr_line' id='line_1_65' title="bbox 1148 864 2019 906; baseline 0.005 -9"><span class='ocrx_word' id='word_1_428' title='bbox 1148 876 1218 897; x_wconf 83' lang='lat' dir='ltr'>esse</span> <span class='ocrx_word' id='word_1_429' title='bbox 1236 864 1409 903; x_wconf 81' lang='lat' dir='ltr'>ociosum,</span> <span class='ocrx_word' id='word_1_430' title='bbox 1438 876 1508 896; x_wconf 91' lang='lat' dir='ltr'>non</span> <span class='ocrx_word' id='word_1_431' title='bbox 1528 864 1712 906; x_wconf 85' lang='lat' dir='ltr'>ignavum,</span> <span class='ocrx_word' id='word_1_432' title='bbox 1739 878 1811 898; x_wconf 85' lang='lat' dir='ltr'>non</span> <span class='ocrx_word' id='word_1_433' title='bbox 1830 867 2019 902; x_wconf 86' lang='lat' dir='ltr'>incautum.</span> 
     </span>
    </p>
   </div>
   <div class='ocr_carea' id='block_1_16' title="bbox 1146 921 2128 1311">
    <p class='ocr_par' dir='ltr' id='par_1_18' title="bbox 1146 921 2128 1311">
     <span class='ocr_line' id='line_1_66' title="bbox 1250 921 2128 964; baseline 0.006 -11"><span class='ocrx_word' id='word_1_434' title='bbox 1250 921 1326 954; x_wconf 87' lang='lat' dir='ltr'>Hoc</span> <span class='ocrx_word' id='word_1_435' title='bbox 1351 922 1454 954; x_wconf 91' lang='lat' dir='ltr'>modo</span> <span class='ocrx_word' id='word_1_436' title='bbox 1480 923 1669 964; x_wconf 84' lang='lat' dir='ltr'>prudenter</span> <span class='ocrx_word' id='word_1_437' title='bbox 1695 924 1991 957; x_wconf 82' lang='lat' dir='ltr'>considerandum</span> <span class='ocrx_word' id='word_1_438' title='bbox 2018 932 2066 958; x_wconf 86' lang='lat' dir='ltr'>est</span> <span class='ocrx_word' id='word_1_439' title='bbox 2092 926 2128 958; x_wconf 87' lang='lat' dir='ltr'>in</span> 
     </span>
     <span class='ocr_line' id='line_1_67' title="bbox 1147 974 2127 1021; baseline 0.003 -15"><span class='ocrx_word' id='word_1_440' title='bbox 1147 974 1268 1011; x_wconf 88' lang='lat' dir='ltr'>dictis,</span> <span class='ocrx_word' id='word_1_441' title='bbox 1295 974 1335 1005; x_wconf 87' lang='lat' dir='ltr'>ad</span> <span class='ocrx_word' id='word_1_442' title='bbox 1363 984 1451 1017; x_wconf 88' lang='lat' dir='ltr'>quae</span> <span class='ocrx_word' id='word_1_443' title='bbox 1477 984 1602 1015; x_wconf 81' lang='lat' dir='ltr'>genera</span> <span class='ocrx_word' id='word_1_444' title='bbox 1630 974 1811 1007; x_wconf 80' lang='lat' dir='ltr'>referenda</span> <span class='ocrx_word' id='word_1_445' title='bbox 1837 974 1918 1009; x_wconf 85' lang='lat' dir='ltr'>sint.</span> <span class='ocrx_word' id='word_1_446' title='bbox 1973 974 2018 1009; x_wconf 87' lang='lat' dir='ltr'>Et</span> <span class='ocrx_word' id='word_1_447' title='bbox 2046 977 2127 1021; x_wconf 89' lang='lat' dir='ltr'>quia</span> 
     </span>
     <span class='ocr_line' id='line_1_68' title="bbox 1147 1024 2128 1068; baseline 0.003 -12"><span class='ocrx_word' id='word_1_448' title='bbox 1147 1024 1341 1058; x_wconf 82' lang='lat' dir='ltr'>sententiae</span> <span class='ocrx_word' id='word_1_449' title='bbox 1360 1024 1556 1068; x_wconf 84' lang='lat' dir='ltr'>plerunque</span> <span class='ocrx_word' id='word_1_450' title='bbox 1579 1031 1658 1055; x_wconf 86' lang='lat' dir='ltr'>sunt</span> <span class='ocrx_word' id='word_1_451' title='bbox 1679 1036 1882 1058; x_wconf 83' lang='lat' dir='ltr'>communes</span> <span class='ocrx_word' id='word_1_452' title='bbox 1908 1026 2048 1068; x_wconf 79' lang='lat' dir='ltr'>regulae</span> <span class='ocrx_word' id='word_1_453' title='bbox 2075 1029 2128 1059; x_wconf 83' lang='lat' dir='ltr'>vi-</span> 
     </span>
     <span class='ocr_line' id='line_1_69' title="bbox 1212 1072 2128 1117; baseline 0.005 -11"><span class='ocrx_word' id='word_1_454' title='bbox 1212 1103 1221 1115; x_wconf 80' lang='lat'>,</span> <span class='ocrx_word' id='word_1_455' title='bbox 1251 1075 1389 1117; x_wconf 77' lang='lat' dir='ltr'>prodest</span> <span class='ocrx_word' id='word_1_456' title='bbox 1410 1075 1534 1106; x_wconf 81' lang='lat' dir='ltr'>inultas</span> <span class='ocrx_word' id='word_1_457' title='bbox 1560 1072 1687 1106; x_wconf 75' lang='lat' dir='ltr'>habere</span> <span class='ocrx_word' id='word_1_458' title='bbox 1707 1075 1928 1110; x_wconf 78' lang='lat' dir='ltr'>familiariter</span> <span class='ocrx_word' id='word_1_459' title='bbox 1952 1085 2067 1115; x_wconf 86' lang='lat' dir='ltr'>notas,</span> <span class='ocrx_word' id='word_1_460' title='bbox 2096 1087 2128 1112; x_wconf 85' lang='lat' dir='ltr'>et</span> 
     </span>
     <span class='ocr_line' id='line_1_70' title="bbox 1147 1125 2128 1171; baseline 0.006 -15"><span class='ocrx_word' id='word_1_461' title='bbox 1147 1126 1227 1170; x_wconf 85' lang='lat' dir='ltr'>quia</span> <span class='ocrx_word' id='word_1_462' title='bbox 1246 1132 1327 1158; x_wconf 89' lang='lat' dir='ltr'>sunt</span> <span class='ocrx_word' id='word_1_463' title='bbox 1344 1125 1546 1157; x_wconf 84' lang='lat' dir='ltr'>tnonitrices</span> <span class='ocrx_word' id='word_1_464' title='bbox 1571 1125 1604 1157; x_wconf 89' lang='lat' dir='ltr'>iu</span> <span class='ocrx_word' id='word_1_465' title='bbox 1625 1126 1711 1169; x_wconf 80' lang='lat' dir='ltr'>vita,</span> <span class='ocrx_word' id='word_1_466' title='bbox 1740 1133 1771 1159; x_wconf 87' lang='lat' dir='ltr'>et</span> <span class='ocrx_word' id='word_1_467' title='bbox 1795 1127 1874 1171; x_wconf 88' lang='lat' dir='ltr'>quia</span> <span class='ocrx_word' id='word_1_468' title='bbox 1900 1128 2047 1170; x_wconf 81' lang='lat' dir='ltr'>gignunt</span> <span class='ocrx_word' id='word_1_469' title='bbox 2072 1141 2128 1162; x_wconf 85' lang='lat' dir='ltr'>ar-</span> 
     </span>
     <span class='ocr_line' id='line_1_71' title="bbox 1146 1176 2125 1219; baseline 0.005 -12"><span class='ocrx_word' id='word_1_470' title='bbox 1146 1183 1309 1219; x_wconf 79' lang='lat' dir='ltr'>gumenta</span> <span class='ocrx_word' id='word_1_471' title='bbox 1345 1187 1403 1208; x_wconf 82' lang='lat' dir='ltr'>seu</span> <span class='ocrx_word' id='word_1_472' title='bbox 1440 1176 1724 1209; x_wconf 87' lang='lat' dir='ltr'>confirmationes</span> <span class='ocrx_word' id='word_1_473' title='bbox 1761 1183 1793 1210; x_wconf 85' lang='lat' dir='ltr'>et</span> <span class='ocrx_word' id='word_1_474' title='bbox 1827 1178 2056 1212; x_wconf 85' lang='lat' dir='ltr'>refutationes</span> <span class='ocrx_word' id='word_1_475' title='bbox 2088 1181 2125 1212; x_wconf 90' lang='lat' dir='ltr'>in</span> 
     </span>
     <span class='ocr_line' id='line_1_72' title="bbox 1146 1227 2127 1272; baseline 0.004 -13"><span class='ocrx_word' id='word_1_476' title='bbox 1146 1227 1311 1259; x_wconf 82' lang='lat' dir='ltr'>omnibus</span> <span class='ocrx_word' id='word_1_477' title='bbox 1345 1227 1473 1264; x_wconf 83' lang='lat' dir='ltr'>causis,</span> <span class='ocrx_word' id='word_1_478' title='bbox 1507 1233 1539 1259; x_wconf 91' lang='lat' dir='ltr'>et</span> <span class='ocrx_word' id='word_1_479' title='bbox 1571 1227 1706 1259; x_wconf 86' lang='lat' dir='ltr'>addunt</span> <span class='ocrx_word' id='word_1_480' title='bbox 1731 1228 1883 1260; x_wconf 85' lang='lat' dir='ltr'>orationi</span> <span class='ocrx_word' id='word_1_481' title='bbox 1910 1230 2127 1272; x_wconf 71' lang='lat' dir='ltr'>gravitatem,</span> 
     </span>
     <span class='ocr_line' id='line_1_73' title="bbox 1146 1277 1872 1311; baseline 0.001 -1"><span class='ocrx_word' id='word_1_482' title='bbox 1146 1290 1222 1310; x_wconf 87' lang='lat' dir='ltr'>cum</span> <span class='ocrx_word' id='word_1_483' title='bbox 1244 1279 1277 1309; x_wconf 91' lang='lat' dir='ltr'>in</span> <span class='ocrx_word' id='word_1_484' title='bbox 1301 1277 1376 1309; x_wconf 91' lang='lat' dir='ltr'>loco</span> <span class='ocrx_word' id='word_1_485' title='bbox 1395 1283 1426 1309; x_wconf 88' lang='lat' dir='ltr'>ct</span> <span class='ocrx_word' id='word_1_486' title='bbox 1444 1279 1638 1309; x_wconf 75' lang='lat' dir='ltr'>verecunde</span> <span class='ocrx_word' id='word_1_487' title='bbox 1656 1277 1872 1311; x_wconf 85' lang='lat' dir='ltr'>intexuntur.</span> 
     </span>
    </p>
   </div>
   <div class='ocr_carea' id='block_1_17' title="bbox 1141 1336 2125 1978">
    <p class='ocr_par' dir='ltr' id='par_1_19' title="bbox 1141 1336 2125 1978">
     <span class='ocr_line' id='line_1_74' title="bbox 1247 1336 2125 1379; baseline 0.005 -9"><span class='ocrx_word' id='word_1_488' title='bbox 1247 1336 1514 1370; x_wconf 82' lang='lat' dir='ltr'>Consideranda</span> <span class='ocrx_word' id='word_1_489' title='bbox 1531 1343 1612 1368; x_wconf 89' lang='lat' dir='ltr'>sunt</span> <span class='ocrx_word' id='word_1_490' title='bbox 1629 1336 1730 1369; x_wconf 89' lang='lat' dir='ltr'>etiam</span> <span class='ocrx_word' id='word_1_491' title='bbox 1751 1349 1979 1379; x_wconf 89' lang='lat' dir='ltr'>personarum</span> <span class='ocrx_word' id='word_1_492' title='bbox 2000 1340 2125 1374; x_wconf 89' lang='lat' dir='ltr'>discri-</span> 
     </span>
     <span class='ocr_line' id='line_1_75' title="bbox 1145 1384 2123 1431; baseline 0.006 -12"><span class='ocrx_word' id='word_1_493' title='bbox 1145 1387 1239 1422; x_wconf 85' lang='lat' dir='ltr'>mina</span> <span class='ocrx_word' id='word_1_494' title='bbox 1255 1395 1284 1420; x_wconf 83' lang='lat' dir='ltr'>et</span> <span class='ocrx_word' id='word_1_495' title='bbox 1306 1384 1529 1431; x_wconf 69' lang='lat' dir='ltr'>hyperbolae.</span> <span class='ocrx_word' id='word_1_496' title='bbox 1583 1385 1674 1419; x_wconf 74' lang='lat' dir='ltr'>Nero</span> <span class='ocrx_word' id='word_1_497' title='bbox 1702 1387 1804 1420; x_wconf 88' lang='lat' dir='ltr'>dicit:</span> <span class='ocrx_word' id='word_1_498' title='bbox 1833 1387 1978 1421; x_wconf 84' lang='lat' dir='ltr'>Ferrum</span> <span class='ocrx_word' id='word_1_499' title='bbox 2006 1397 2123 1425; x_wconf 85' lang='lat' dir='ltr'>tuetur</span> 
     </span>
     <span class='ocr_line' id='line_1_76' title="bbox 1146 1436 2123 1481; baseline 0.006 -11"><span class='ocrx_word' id='word_1_500' title='bbox 1146 1439 1352 1481; x_wconf 88' lang='lat' dir='ltr'>principem.</span> <span class='ocrx_word' id='word_1_501' title='bbox 1421 1436 1624 1480; x_wconf 77' lang='lat' dir='ltr'>Respondet</span> <span class='ocrx_word' id='word_1_502' title='bbox 1653 1436 1800 1470; x_wconf 82' lang='lat' dir='ltr'>Seneca:</span> <span class='ocrx_word' id='word_1_503' title='bbox 1846 1437 1976 1472; x_wconf 85' lang='lat' dir='ltr'>Melius</span> <span class='ocrx_word' id='word_1_504' title='bbox 2005 1440 2123 1476; x_wconf 88' lang='lat' dir='ltr'>Fides.</span> 
     </span>
     <span class='ocr_line' id='line_1_77' title="bbox 1146 1484 2124 1535; baseline 0.007 -15"><span class='ocrx_word' id='word_1_505' title='bbox 1146 1488 1242 1528; x_wconf 84' lang='lat' dir='ltr'>Item,</span> <span class='ocrx_word' id='word_1_506' title='bbox 1264 1488 1438 1522; x_wconf 84' lang='lat' dir='ltr'>Graecum</span> <span class='ocrx_word' id='word_1_507' title='bbox 1463 1488 1568 1520; x_wconf 84' lang='lat' dir='ltr'>illud:</span> <span class='ocrx_word' id='word_1_508' title='bbox 1599 1484 1733 1521; x_wconf 77' lang='grc' dir='ltr'><em>Πάντα</em></span> <span class='ocrx_word' id='word_1_509' title='bbox 1749 1485 1966 1532; x_wconf 69' lang='grc' dir='ltr'>ἀνθρώπων</span> <span class='ocrx_word' id='word_1_510' title='bbox 1983 1491 2124 1535; x_wconf 68' lang='lat' dir='ltr'>¹uctm&#39;w-</span> 
     </span>
     <span class='ocr_line' id='line_1_78' title="bbox 1143 1536 2124 1584; baseline 0.004 -11"><span class='ocrx_word' id='word_1_511' title='bbox 1143 1537 1185 1584; x_wconf 58' lang='grc' dir='ltr'>δι]</span> <span class='ocrx_word' id='word_1_512' title='bbox 1212 1538 1316 1574; x_wconf 67' lang='grc' dir='ltr'><em>εἶναι.</em></span> <span class='ocrx_word' id='word_1_513' title='bbox 1371 1537 1464 1571; x_wconf 82' lang='lat' dir='ltr'>Ilaec</span> <span class='ocrx_word' id='word_1_514' title='bbox 1488 1536 1678 1583; x_wconf 67' lang='lat' dir='ltr'>hyperbole</span> <span class='ocrx_word' id='word_1_515' title='bbox 1700 1551 1919 1584; x_wconf 79' lang='lat' dir='ltr'>nequaquam</span> <span class='ocrx_word' id='word_1_516' title='bbox 1936 1544 2124 1577; x_wconf 81' lang='lat' dir='ltr'>transfera-</span> 
     </span>
     <span class='ocr_line' id='line_1_79' title="bbox 1146 1589 2120 1634; baseline 0.003 -13"><span class='ocrx_word' id='word_1_517' title='bbox 1146 1598 1202 1623; x_wconf 87' lang='lat' dir='ltr'>tur</span> <span class='ocrx_word' id='word_1_518' title='bbox 1219 1593 1260 1623; x_wconf 86' lang='lat' dir='ltr'>ad</span> <span class='ocrx_word' id='word_1_519' title='bbox 1283 1603 1320 1622; x_wconf 88' lang='lat' dir='ltr'>ea</span> <span class='ocrx_word' id='word_1_520' title='bbox 1337 1602 1425 1634; x_wconf 85' lang='lat' dir='ltr'>quae</span> <span class='ocrx_word' id='word_1_521' title='bbox 1442 1597 1522 1621; x_wconf 89' lang='lat' dir='ltr'>sunt</span> <span class='ocrx_word' id='word_1_522' title='bbox 1540 1589 1701 1621; x_wconf 78' lang='lat' dir='ltr'>ordinata</span> <span class='ocrx_word' id='word_1_523' title='bbox 1720 1590 1910 1630; x_wconf 69' lang='lat' dir='ltr'>divinitus,</span> <span class='ocrx_word' id='word_1_524' title='bbox 1938 1594 1981 1625; x_wconf 86' lang='lat' dir='ltr'>ad</span> <span class='ocrx_word' id='word_1_525' title='bbox 2002 1607 2120 1628; x_wconf 83' lang='lat' dir='ltr'>vocem</span> 
     </span>
     <span class='ocr_line' id='line_1_80' title="bbox 1143 1639 2123 1683; baseline 0.005 -10"><span class='ocrx_word' id='word_1_526' title='bbox 1143 1639 1347 1683; x_wconf 65' lang='lat' dir='ltr'>Evangelii,</span> <span class='ocrx_word' id='word_1_527' title='bbox 1375 1641 1417 1671; x_wconf 89' lang='lat' dir='ltr'>ad</span> <span class='ocrx_word' id='word_1_528' title='bbox 1446 1639 1699 1672; x_wconf 83' lang='lat' dir='ltr'>consessionem</span> <span class='ocrx_word' id='word_1_529' title='bbox 1724 1648 1946 1681; x_wconf 84' lang='lat' dir='ltr'>sanctorum,</span> <span class='ocrx_word' id='word_1_530' title='bbox 1980 1646 2021 1676; x_wconf 90' lang='lat' dir='ltr'>ad</span> <span class='ocrx_word' id='word_1_531' title='bbox 2045 1647 2123 1678; x_wconf 89' lang='lat' dir='ltr'>offi-</span> 
     </span>
     <span class='ocr_line' id='line_1_81' title="bbox 1143 1689 2121 1733; baseline 0.006 -10"><span class='ocrx_word' id='word_1_532' title='bbox 1143 1692 1193 1723; x_wconf 81' lang='lat' dir='ltr'>cia</span> <span class='ocrx_word' id='word_1_533' title='bbox 1227 1692 1379 1733; x_wconf 72' lang='lat' dir='ltr'>legitima</span> <span class='ocrx_word' id='word_1_534' title='bbox 1412 1689 1696 1731; x_wconf 81' lang='lat' dir='ltr'>gubernationis,</span> <span class='ocrx_word' id='word_1_535' title='bbox 1731 1691 1949 1724; x_wconf 87' lang='lat' dir='ltr'>educationis</span> <span class='ocrx_word' id='word_1_536' title='bbox 1978 1695 2121 1729; x_wconf 87' lang='lat' dir='ltr'>institu-</span> 
     </span>
     <span class='ocr_line' id='line_1_82' title="bbox 1319 1737 2121 1783; baseline 0.002 -11"><span class='ocrx_word' id='word_1_537' title='bbox 1319 1740 1417 1772; x_wconf 78' lang='lat' dir='ltr'>&#39;l&#39;alis</span> <span class='ocrx_word' id='word_1_538' title='bbox 1443 1747 1473 1772; x_wconf 92' lang='lat' dir='ltr'>et</span> <span class='ocrx_word' id='word_1_539' title='bbox 1493 1737 1576 1771; x_wconf 86' lang='lat' dir='ltr'>baec</span> <span class='ocrx_word' id='word_1_540' title='bbox 1594 1737 1786 1783; x_wconf 67' lang='lat' dir='ltr'>hyperbole</span> <span class='ocrx_word' id='word_1_541' title='bbox 1811 1748 1876 1773; x_wconf 86' lang='lat' dir='ltr'>est:</span> <span class='ocrx_word' id='word_1_542' title='bbox 1906 1742 2010 1776; x_wconf 79' lang='lat' dir='ltr'>Nulla</span> <span class='ocrx_word' id='word_1_543' title='bbox 2037 1747 2121 1780; x_wconf 71' lang='lat' dir='ltr'>fides</span> 
     </span>
     <span class='ocr_line' id='line_1_83' title="bbox 1904 1792 2120 1831; baseline 0.028 -6"><span class='ocrx_word' id='word_1_544' title='bbox 1904 1792 2006 1828; x_wconf 83' lang='lat' dir='ltr'>Item:</span> <span class='ocrx_word' id='word_1_545' title='bbox 2036 1796 2120 1831; x_wconf 86' lang='lat' dir='ltr'>Fata</span> 
     </span>
     <span class='ocr_line' id='line_1_84' title="bbox 2026 1846 2121 1882; baseline 0.021 -2"><span class='ocrx_word' id='word_1_546' title='bbox 2026 1846 2121 1882; x_wconf 86' lang='lat' dir='ltr'>Haec</span> 
     </span>
     <span class='ocr_line' id='line_1_85' title="bbox 1141 1890 2120 1941; baseline 0.002 -17"><span class='ocrx_word' id='word_1_547' title='bbox 1141 1894 1230 1926; x_wconf 80' lang='lat' dir='ltr'>dicta</span> <span class='ocrx_word' id='word_1_548' title='bbox 1258 1903 1394 1924; x_wconf 83' lang='lat' dir='ltr'>necesse</span> <span class='ocrx_word' id='word_1_549' title='bbox 1420 1899 1470 1924; x_wconf 84' lang='lat' dir='ltr'>est</span> <span class='ocrx_word' id='word_1_550' title='bbox 1496 1890 1622 1934; x_wconf 86' lang='lat' dir='ltr'>corrigi</span> <span class='ocrx_word' id='word_1_551' title='bbox 1649 1892 1783 1924; x_wconf 86' lang='lat' dir='ltr'>erudita</span> <span class='ocrx_word' id='word_1_552' title='bbox 1801 1900 1832 1926; x_wconf 89' lang='lat' dir='ltr'>et</span> <span class='ocrx_word' id='word_1_553' title='bbox 1851 1905 1928 1926; x_wconf 86' lang='lat' dir='ltr'>vera</span> <span class='ocrx_word' id='word_1_554' title='bbox 1949 1896 2120 1941; x_wconf 74' lang='lat' dir='ltr'>iuterpre-</span> 
     </span>
     <span class='ocr_line' id='line_1_86' title="bbox 1141 1951 1282 1978; baseline 0.014 -2"><span class='ocrx_word' id='word_1_555' title='bbox 1141 1951 1282 1978; x_wconf 78' lang='lat' dir='ltr'>tatione.</span> 
     </span>
    </p>
   </div>
   <div class='ocr_carea' id='block_1_18' title="bbox 1145 1790 1849 1836">
    <p class='ocr_par' dir='ltr' id='par_1_20' title="bbox 1145 1790 1849 1836">
     <span class='ocr_line' id='line_1_87' title="bbox 1145 1790 1849 1836; baseline 0.001 -13"><span class='ocrx_word' id='word_1_556' title='bbox 1145 1793 1322 1836; x_wconf 84' lang='lat' dir='ltr'>pietasque</span> <span class='ocrx_word' id='word_1_557' title='bbox 1340 1791 1423 1821; x_wconf 78' lang='lat' dir='ltr'>viris</span> <span class='ocrx_word' id='word_1_558' title='bbox 1442 1790 1500 1834; x_wconf 90' lang='lat' dir='ltr'>qui</span> <span class='ocrx_word' id='word_1_559' title='bbox 1518 1797 1625 1822; x_wconf 87' lang='lat' dir='ltr'>castra</span> <span class='ocrx_word' id='word_1_560' title='bbox 1642 1797 1849 1834; x_wconf 86' lang='lat' dir='ltr'>sequuntur.</span> 
     </span>
    </p>
   </div>
   <div class='ocr_carea' id='block_1_19' title="bbox 1141 2184 2121 2233">
    <p class='ocr_par' dir='ltr' id='par_1_21' title="bbox 1141 2184 2121 2233">
     <span class='ocr_line' id='line_1_88' title="bbox 1141 2184 2121 2233; baseline 0.009 -15"><span class='ocrx_word' id='word_1_561' title='bbox 1141 2184 1563 2221; x_wconf 70' lang='lat' dir='ltr'>ARGUMENTUM</span> <span class='ocrx_word' id='word_1_562' title='bbox 1593 2186 1647 2220; x_wconf 81' lang='lat' dir='ltr'>IN</span> <span class='ocrx_word' id='word_1_563' title='bbox 1675 2186 2121 2233; x_wconf 80' lang='lat' dir='ltr'>ECCLESIASTEN,</span> 
     </span>
    </p>
   </div>
   <div class='ocr_carea' id='block_1_20' title="bbox 1375 2279 1880 2306">
    <p class='ocr_par' dir='ltr' id='par_1_22' title="bbox 1375 2279 1880 2306">
     <span class='ocr_line' id='line_1_89' title="bbox 1375 2279 1880 2306; baseline 0.008 -4"><span class='ocrx_word' id='word_1_564' title='bbox 1375 2279 1578 2303; x_wconf 66' lang='lat' dir='ltr'>BEPETtTt&#39;M</span> <span class='ocrx_word' id='word_1_565' title='bbox 1597 2280 1692 2304; x_wconf 55' lang='lat' dir='ltr'>A3N0</span> <span class='ocrx_word' id='word_1_566' title='bbox 1712 2281 1880 2306; x_wconf 65' lang='lat' dir='ltr'>M.t›.1.tttt.</span> 
     </span>
    </p>
   </div>
   <div class='ocr_carea' id='block_1_21' title="bbox 0 0 46 2843">
    <p class='ocr_par' dir='ltr' id='par_1_23' title="bbox 0 0 46 2843">
     <span class='ocr_line' id='line_1_90' title="bbox 0 0 46 2843; baseline 0 0"><span class='ocrx_word' id='word_1_567' title='bbox 0 0 46 2843; x_wconf 95' lang='lat' dir='ltr'> </span> 
     </span>
    </p>
   </div>
   <div class='ocr_carea' id='block_1_22' title="bbox 106 2361 2117 2677">
    <p class='ocr_par' dir='ltr' id='par_1_24' title="bbox 106 2361 2117 2677">
     <span class='ocr_line' id='line_1_91' title="bbox 106 2361 2116 2414; baseline 0.001 -10"><span class='ocrx_word' id='word_1_568' title='bbox 106 2371 178 2411; x_wconf 85' lang='lat' dir='ltr'>rio,</span> <span class='ocrx_word' id='word_1_569' title='bbox 212 2367 295 2403; x_wconf 87' lang='lat' dir='ltr'>huic</span> <span class='ocrx_word' id='word_1_570' title='bbox 328 2369 460 2413; x_wconf 89' lang='lat' dir='ltr'>optime</span> <span class='ocrx_word' id='word_1_571' title='bbox 493 2369 634 2402; x_wconf 82' lang='lat' dir='ltr'>vivendi</span> <span class='ocrx_word' id='word_1_572' title='bbox 669 2369 758 2402; x_wconf 88' lang='lat' dir='ltr'>ratio</span> <span class='ocrx_word' id='word_1_573' title='bbox 794 2377 993 2414; x_wconf 87' lang='lat' dir='ltr'>comparata</span> <span class='ocrx_word' id='word_1_574' title='bbox 1026 2377 1087 2404; x_wconf 86' lang='lat' dir='ltr'>est.</span> <span class='ocrx_word' id='word_1_575' title='bbox 1112 2364 1114 2375; x_wconf 60' lang='grc'><strong>’</strong></span> <span class='ocrx_word' id='word_1_576' title='bbox 1141 2361 1301 2409; x_wconf 72' lang='lat' dir='ltr'>Consilia</span> <span class='ocrx_word' id='word_1_577' title='bbox 1336 2370 1567 2403; x_wconf 85' lang='lat' dir='ltr'>scribentium</span> <span class='ocrx_word' id='word_1_578' title='bbox 1604 2383 1664 2404; x_wconf 89' lang='lat' dir='ltr'>seu</span> <span class='ocrx_word' id='word_1_579' title='bbox 1701 2372 1934 2406; x_wconf 79' lang='lat' dir='ltr'>intentionem</span> <span class='ocrx_word' id='word_1_580' title='bbox 1980 2385 2116 2408; x_wconf 86' lang='lat' dir='ltr'>necesse</span> 
     </span>
     <span class='ocr_line' id='line_1_92' title="bbox 106 2420 2116 2473; baseline 0.001 -18"><span class='ocrx_word' id='word_1_581' title='bbox 106 2420 218 2456; x_wconf 82' lang='lat' dir='ltr'>Recte</span> <span class='ocrx_word' id='word_1_582' title='bbox 234 2427 369 2461; x_wconf 88' lang='lat' dir='ltr'>monet,</span> <span class='ocrx_word' id='word_1_583' title='bbox 396 2432 439 2453; x_wconf 89' lang='lat' dir='ltr'>ne</span> <span class='ocrx_word' id='word_1_584' title='bbox 455 2421 629 2464; x_wconf 86' lang='lat' dir='ltr'>pendeant</span> <span class='ocrx_word' id='word_1_585' title='bbox 648 2431 724 2464; x_wconf 86' lang='lat' dir='ltr'>spes</span> <span class='ocrx_word' id='word_1_586' title='bbox 748 2432 766 2452; x_wconf 89' lang='lat' dir='ltr'>a</span> <span class='ocrx_word' id='word_1_587' title='bbox 783 2421 942 2461; x_wconf 80' lang='lat' dir='ltr'>fortuna,</span> <span class='ocrx_word' id='word_1_588' title='bbox 967 2427 1026 2454; x_wconf 90' lang='lat' dir='ltr'>aut</span> <span class='ocrx_word' id='word_1_589' title='bbox 1045 2421 1088 2453; x_wconf 89' lang='lat' dir='ltr'>ab</span> <span class='ocrx_word' id='word_1_590' title='bbox 1111 2430 1115 2473; x_wconf 66' lang='grc'>[</span> <span class='ocrx_word' id='word_1_591' title='bbox 1139 2429 1189 2455; x_wconf 87' lang='lat' dir='ltr'>est</span> <span class='ocrx_word' id='word_1_592' title='bbox 1213 2422 1246 2455; x_wconf 89' lang='lat' dir='ltr'>in</span> <span class='ocrx_word' id='word_1_593' title='bbox 1271 2422 1418 2463; x_wconf 69' lang='lat' dir='ltr'>legendo</span> <span class='ocrx_word' id='word_1_594' title='bbox 1447 2422 1687 2462; x_wconf 73' lang='lat' dir='ltr'>considerare,</span> <span class='ocrx_word' id='word_1_595' title='bbox 1715 2423 1749 2455; x_wconf 92' lang='lat' dir='ltr'>id</span> <span class='ocrx_word' id='word_1_596' title='bbox 1775 2430 1843 2464; x_wconf 77' lang='lat' dir='ltr'>est,</span> <span class='ocrx_word' id='word_1_597' title='bbox 1882 2423 2116 2466; x_wconf 80' lang='lat' dir='ltr'>Cogitandum</span> 
     </span>
     <span class='ocr_line' id='line_1_93' title="bbox 107 2469 2116 2517; baseline 0.001 -12"><span class='ocrx_word' id='word_1_598' title='bbox 107 2469 293 2506; x_wconf 87' lang='lat' dir='ltr'>hominum</span> <span class='ocrx_word' id='word_1_599' title='bbox 327 2471 650 2506; x_wconf 85' lang='lat' dir='ltr'>coniunctionibus.</span> <span class='ocrx_word' id='word_1_600' title='bbox 712 2470 781 2504; x_wconf 85' lang='lat' dir='ltr'>Sed</span> <span class='ocrx_word' id='word_1_601' title='bbox 819 2473 912 2515; x_wconf 86' lang='lat' dir='ltr'>quod</span> <span class='ocrx_word' id='word_1_602' title='bbox 947 2472 1088 2506; x_wconf 90' lang='lat' dir='ltr'>deducit</span> <span class='ocrx_word' id='word_1_603' title='bbox 1111 2477 1114 2497; x_wconf 54' lang='grc' dir='ltr'>ἵ</span> <span class='ocrx_word' id='word_1_604' title='bbox 1140 2479 1188 2506; x_wconf 90' lang='lat' dir='ltr'>est</span> <span class='ocrx_word' id='word_1_605' title='bbox 1206 2473 1289 2517; x_wconf 90' lang='lat' dir='ltr'>qnid</span> <span class='ocrx_word' id='word_1_606' title='bbox 1307 2473 1457 2515; x_wconf 86' lang='lat' dir='ltr'>scriptor</span> <span class='ocrx_word' id='word_1_607' title='bbox 1477 2472 1630 2506; x_wconf 79' lang='lat' dir='ltr'>voluerit</span> <span class='ocrx_word' id='word_1_608' title='bbox 1648 2485 1763 2515; x_wconf 81' lang='lat' dir='ltr'>agere,</span> <span class='ocrx_word' id='word_1_609' title='bbox 1791 2486 1833 2505; x_wconf 91' lang='lat' dir='ltr'>an</span> <span class='ocrx_word' id='word_1_610' title='bbox 1853 2474 2049 2507; x_wconf 83' lang='lat' dir='ltr'>doctrinam</span> <span class='ocrx_word' id='word_1_611' title='bbox 2073 2478 2116 2508; x_wconf 79' lang='lat' dir='ltr'>de</span> 
     </span>
     <span class='ocr_line' id='line_1_94' title="bbox 107 2519 2115 2569; baseline 0.001 -13"><span class='ocrx_word' id='word_1_612' title='bbox 107 2534 174 2556; x_wconf 86' lang='lat' dir='ltr'>nos</span> <span class='ocrx_word' id='word_1_613' title='bbox 198 2523 239 2555; x_wconf 90' lang='lat' dir='ltr'>ad</span> <span class='ocrx_word' id='word_1_614' title='bbox 265 2528 402 2555; x_wconf 85' lang='lat' dir='ltr'>nostras</span> <span class='ocrx_word' id='word_1_615' title='bbox 425 2521 592 2561; x_wconf 83' lang='lat' dir='ltr'>virtutes,</span> <span class='ocrx_word' id='word_1_616' title='bbox 619 2535 690 2555; x_wconf 91' lang='lat' dir='ltr'>non</span> <span class='ocrx_word' id='word_1_617' title='bbox 717 2522 800 2554; x_wconf 85' lang='lat' dir='ltr'>satis</span> <span class='ocrx_word' id='word_1_618' title='bbox 817 2529 878 2556; x_wconf 85' lang='lat' dir='ltr'>est.</span> <span class='ocrx_word' id='word_1_619' title='bbox 932 2519 1088 2565; x_wconf 91' lang='lat' dir='ltr'>Oporte-</span> <span class='ocrx_word' id='word_1_620' title='bbox 1111 2529 1114 2568; x_wconf 64' lang='grc' dir='ltr'><em>ξ</em></span> <span class='ocrx_word' id='word_1_621' title='bbox 1141 2523 1385 2565; x_wconf 72' lang='lat' dir='ltr'>propositione</span> <span class='ocrx_word' id='word_1_622' title='bbox 1401 2523 1518 2567; x_wconf 85' lang='lat' dir='ltr'>aliqua</span> <span class='ocrx_word' id='word_1_623' title='bbox 1536 2526 1666 2563; x_wconf 82' lang='lat' dir='ltr'>tradat,</span> <span class='ocrx_word' id='word_1_624' title='bbox 1691 2536 1733 2556; x_wconf 83' lang='lat' dir='ltr'>an</span> <span class='ocrx_word' id='word_1_625' title='bbox 1752 2536 1832 2555; x_wconf 80' lang='lat' dir='ltr'>vero</span> <span class='ocrx_word' id='word_1_626' title='bbox 1852 2525 2041 2568; x_wconf 85' lang='lat' dir='ltr'>praecipiat</span> <span class='ocrx_word' id='word_1_627' title='bbox 2063 2528 2115 2569; x_wconf 82' lang='lat' dir='ltr'>agi</span> 
     </span>
     <span class='ocr_line' id='line_1_95' title="bbox 107 2571 2117 2619; baseline 0.001 -12"><span class='ocrx_word' id='word_1_628' title='bbox 107 2573 168 2607; x_wconf 82' lang='lat' dir='ltr'>bat</span> <span class='ocrx_word' id='word_1_629' title='bbox 191 2573 285 2606; x_wconf 89' lang='lat' dir='ltr'>enim</span> <span class='ocrx_word' id='word_1_630' title='bbox 313 2584 377 2605; x_wconf 90' lang='lat' dir='ltr'>nos</span> <span class='ocrx_word' id='word_1_631' title='bbox 398 2573 439 2606; x_wconf 90' lang='lat' dir='ltr'>ad</span> <span class='ocrx_word' id='word_1_632' title='bbox 459 2571 573 2606; x_wconf 87' lang='lat' dir='ltr'>Deum</span> <span class='ocrx_word' id='word_1_633' title='bbox 597 2572 744 2613; x_wconf 90' lang='lat' dir='ltr'>deduci,</span> <span class='ocrx_word' id='word_1_634' title='bbox 772 2573 853 2617; x_wconf 90' lang='lat' dir='ltr'>quia</span> <span class='ocrx_word' id='word_1_635' title='bbox 874 2573 981 2605; x_wconf 85' lang='lat' dir='ltr'>multa</span> <span class='ocrx_word' id='word_1_636' title='bbox 998 2573 1087 2606; x_wconf 84' lang='lat' dir='ltr'>acci·</span> <span class='ocrx_word' id='word_1_637' title='bbox 1112 2600 1113 2614; x_wconf 54' lang='grc'>,</span> <span class='ocrx_word' id='word_1_638' title='bbox 1139 2574 1294 2619; x_wconf 85' lang='lat' dir='ltr'>aliquid,</span> <span class='ocrx_word' id='word_1_639' title='bbox 1320 2586 1378 2606; x_wconf 86' lang='lat' dir='ltr'>seu</span> <span class='ocrx_word' id='word_1_640' title='bbox 1396 2586 1438 2606; x_wconf 89' lang='lat' dir='ltr'>an</span> <span class='ocrx_word' id='word_1_641' title='bbox 1457 2573 1659 2607; x_wconf 79' lang='lat' dir='ltr'>Consolatio</span> <span class='ocrx_word' id='word_1_642' title='bbox 1678 2574 1893 2613; x_wconf 86' lang='lat' dir='ltr'>instituatur,</span> <span class='ocrx_word' id='word_1_643' title='bbox 1918 2582 1952 2609; x_wconf 87' lang='lat' dir='ltr'>ct</span> <span class='ocrx_word' id='word_1_644' title='bbox 1971 2575 2004 2608; x_wconf 91' lang='lat' dir='ltr'>in</span> <span class='ocrx_word' id='word_1_645' title='bbox 2021 2588 2117 2609; x_wconf 86' lang='lat' dir='ltr'>sum-</span> 
     </span>
     <span class='ocr_line' id='line_1_96' title="bbox 108 2621 2115 2677; baseline 0.001 -19"><span class='ocrx_word' id='word_1_646' title='bbox 108 2625 197 2658; x_wconf 87' lang='lat' dir='ltr'>dnnt</span> <span class='ocrx_word' id='word_1_647' title='bbox 220 2621 378 2662; x_wconf 88' lang='lat' dir='ltr'>homini,</span> <span class='ocrx_word' id='word_1_648' title='bbox 407 2623 469 2656; x_wconf 88' lang='lat' dir='ltr'>ubi</span> <span class='ocrx_word' id='word_1_649' title='bbox 492 2623 603 2657; x_wconf 86' lang='lat' dir='ltr'>virtus</span> <span class='ocrx_word' id='word_1_650' title='bbox 621 2621 775 2657; x_wconf 87' lang='lat' dir='ltr'>hnmana</span> <span class='ocrx_word' id='word_1_651' title='bbox 792 2624 865 2657; x_wconf 89' lang='lat' dir='ltr'>sine</span> <span class='ocrx_word' id='word_1_652' title='bbox 882 2623 1085 2658; x_wconf 81' lang='lat' dir='ltr'>anxilioDei</span> <span class='ocrx_word' id='word_1_653' title='bbox 1111 2663 1113 2677; x_wconf 24' lang='grc' dir='ltr'>ἲ</span> <span class='ocrx_word' id='word_1_654' title='bbox 1140 2637 1194 2657; x_wconf 88' lang='lat' dir='ltr'>ma</span> <span class='ocrx_word' id='word_1_655' title='bbox 1221 2625 1487 2668; x_wconf 88' lang='lat' dir='ltr'>prospiciendus</span> <span class='ocrx_word' id='word_1_656' title='bbox 1513 2631 1563 2657; x_wconf 92' lang='lat' dir='ltr'>est</span> <span class='ocrx_word' id='word_1_657' title='bbox 1585 2625 1661 2656; x_wconf 84' lang='lat' dir='ltr'>finis</span> <span class='ocrx_word' id='word_1_658' title='bbox 1677 2624 1794 2668; x_wconf 85' lang='lat' dir='ltr'>scripti</span> <span class='ocrx_word' id='word_1_659' title='bbox 1814 2626 1899 2670; x_wconf 87' lang='lat' dir='ltr'>quid</span> <span class='ocrx_word' id='word_1_660' title='bbox 1919 2626 2001 2660; x_wconf 89' lang='lat' dir='ltr'>velit</span> <span class='ocrx_word' id='word_1_661' title='bbox 2025 2628 2115 2660; x_wconf 90' lang='lat' dir='ltr'>scri-</span> 
     </span>
    </p>
   </div>
   <div class='ocr_carea' id='block_1_23' title="bbox 107 2673 2116 2757">
    <p class='ocr_par' dir='ltr' id='par_1_25' title="bbox 107 2673 2116 2757">
     <span class='ocr_line' id='line_1_97' title="bbox 107 2673 2116 2740; baseline 0.001 -32"><span class='ocrx_word' id='word_1_662' title='bbox 107 2675 311 2708; x_wconf 84' lang='lat' dir='ltr'>succumbit.</span> <span class='ocrx_word' id='word_1_663' title='bbox 363 2673 451 2716; x_wconf 89' lang='lat' dir='ltr'>Hic,</span> <span class='ocrx_word' id='word_1_664' title='bbox 477 2674 579 2709; x_wconf 88' lang='lat' dir='ltr'>etiam</span> <span class='ocrx_word' id='word_1_665' title='bbox 606 2687 684 2709; x_wconf 89' lang='lat' dir='ltr'>cum</span> <span class='ocrx_word' id='word_1_666' title='bbox 714 2674 908 2708; x_wconf 90' lang='lat' dir='ltr'>destituunt</span> <span class='ocrx_word' id='word_1_667' title='bbox 931 2686 997 2708; x_wconf 88' lang='lat' dir='ltr'>nos</span> <span class='ocrx_word' id='word_1_668' title='bbox 1021 2673 1087 2708; x_wconf 91' lang='lat' dir='ltr'>hu-</span> <span class='ocrx_word' id='word_1_669' title='bbox 1112 2708 1113 2711; x_wconf 70' lang='grc'>,</span> <span class='ocrx_word' id='word_1_670' title='bbox 1140 2681 1219 2719; x_wconf 81' lang='lat' dir='ltr'>ptor</span> <span class='ocrx_word' id='word_1_671' title='bbox 1235 2676 1372 2709; x_wconf 84' lang='lat' dir='ltr'>auferre</span> <span class='ocrx_word' id='word_1_672' title='bbox 1389 2682 1447 2707; x_wconf 84' lang='lat' dir='ltr'>ant</span> <span class='ocrx_word' id='word_1_673' title='bbox 1469 2675 1579 2740; x_wconf 36' lang='lat' dir='ltr'>satcerc</span> <span class='ocrx_word' id='word_1_674' title='bbox 1593 2674 1770 2709; x_wconf 85' lang='lat' dir='ltr'>lectorem.</span> <span class='ocrx_word' id='word_1_675' title='bbox 1825 2675 1906 2711; x_wconf 90' lang='lat' dir='ltr'>ldeo</span> <span class='ocrx_word' id='word_1_676' title='bbox 1923 2683 1953 2710; x_wconf 83' lang='lat' dir='ltr'>et</span> <span class='ocrx_word' id='word_1_677' title='bbox 1972 2677 2005 2710; x_wconf 92' lang='lat' dir='ltr'>in</span> <span class='ocrx_word' id='word_1_678' title='bbox 2020 2677 2116 2712; x_wconf 72' lang='lat' dir='ltr'>Ithe-</span> 
     </span>
     <span class='ocr_line' id='line_1_98' title="bbox 1431 2724 1474 2757; baseline -0.023 0"><span class='ocrx_word' id='word_1_679' title='bbox 1431 2724 1474 2757; x_wconf 91' lang='lat'>10</span> 
     </span>
    </p>
   </div>
  </div>
 </body>
</html>
