2409 2915
109 108 182 144 433

157 191 244 226 Loci
270 191 460 238 praecipui.

657 103 738 142 XII.

261 261 289 295 l.
369 260 422 294 De
439 258 656 293 consessione
676 259 867 293 doctrinae.

259 311 303 345 lt.
372 309 540 344 Doctrina
552 307 723 352 Stephani
742 310 784 343 de
800 322 908 352 regno
927 308 1091 344 Messiae.

257 362 322 396 lll.
376 360 558 394 Revelatio
593 358 726 394 Christi
760 361 938 404 regnantis
977 362 1091 405 palam

314 413 403 444 facta
420 407 611 455 Stephano.

261 459 346 496 1111.
376 460 429 495 De
447 461 607 505 passione
625 459 808 506 Stephani.

261 513 304 547 V.
370 510 582 556 Exemplum
615 513 827 557 precationis
864 512 1017 547 directae
1047 514 1091 546 ad

312 560 504 597 Christum.

211 628 358 673 Semper
379 629 450 663 duo
470 629 741 664 considerentur
760 631 796 663 in
820 628 978 665 historiis
1002 631 1091 665 San-

107 687 260 715 ctorum:
285 691 392 723 genus
407 681 588 713 doctrinae
606 682 699 724 quod
718 683 946 718 confitentur:
965 683 1092 715 deinde

107 731 177 765 vita
194 738 227 765 et
242 743 367 764 mores.
410 731 580 765 Doctrina
599 738 631 764 et
648 732 823 767 invocatio
842 733 909 766 Dei
927 733 1093 766 discernit

107 782 184 825 pios
202 782 244 814 ab
262 779 424 815 Ethnicis
444 782 570 815 virtute
588 783 773 826 praeditis:
802 791 834 817 et
849 784 1031 816 sententiis
1053 796 1092 816 ac

107 832 309 866 testimonio
342 833 581 866 confitentium
614 834 832 875 doctrinam,
869 835 1028 867 eruditur
1059 841 1093 868 et

107 882 333 916 confirmatur
367 882 539 916 Ecclesia:
577 885 761 928 praecipue
795 885 888 917 enim
922 886 969 917 ob
1003 882 1092 918 hanc

107 945 247 967 causam
270 934 314 967 ab
337 933 439 966 initio
457 934 552 966 missi
578 942 659 967 sunt
678 933 873 979 Prophetae
892 942 924 968 et
944 935 1004 968 alii
1029 937 1093 968 do-

108 990 232 1021 ctores,
261 984 321 1029 qui
341 985 446 1016 variis
466 986 715 1018 certaminibus
734 994 765 1019 et
795 986 958 1028 periculis
983 986 1092 1018 incla-

108 1040 275 1073 ruerunt,
301 1041 339 1068 ut
355 1032 420 1068 hoc
443 1036 548 1068 modo
566 1036 724 1069 doctrina
743 1037 892 1069 subinde
918 1037 1091 1069 instaura-

107 1091 205 1119 retur
219 1091 252 1118 et
271 1092 541 1129 propagaretur,
569 1093 600 1119 et
618 1087 747 1130 posteri
767 1087 868 1120 novis
885 1087 1093 1120 testimoniis

106 1135 410 1170 confirmarentur.

210 1193 268 1227 Sic
286 1200 320 1227 et
339 1193 498 1237 Apostoli
521 1202 553 1228 et
571 1206 691 1227 eorum
712 1195 874 1239 discipuli
900 1195 993 1228 missi
1013 1202 1094 1229 sunt

108 1244 150 1276 ad
169 1244 385 1284 docendum,
413 1252 442 1277 et
472 1246 512 1276 ad
538 1246 719 1277 subeunda
739 1246 927 1279 certamina
952 1253 1095 1289 propter

108 1294 325 1333 doctrinam,
364 1301 402 1327 ut
439 1294 588 1327 Ecclusia
625 1295 842 1332 erudiretur,
885 1303 917 1329 et
952 1294 1095 1329 haberet

108 1352 198 1377 certa
218 1344 415 1377 testimonia
434 1345 623 1378 doctrinae.
681 1344 761 1377 ldeo
785 1357 904 1378 eorum
930 1343 1052 1379 histori
1067 1359 1095 1378 ιε

108 1395 384 1427 considerandae
413 1402 510 1434 sunt,
543 1404 581 1429 ut
617 1396 787 1429 consessio
820 1408 941 1429 eorum
973 1398 1094 1430 doceat

109 1457 190 1486 nos,
218 1457 291 1478 nou
309 1452 347 1478 ut
364 1446 573 1479 invocentur
591 1443 732 1479 ethnico
750 1459 856 1481 more.

258 1542 350 1581 Quae
371 1540 438 1583 foen
460 1542 565 1584 iqilur
588 1543 739 1574 doctrina
763 1540 950 1583 Stephani?

212 1602 334 1637 Iudaei
357 1610 519 1637 accusant
539 1616 640 1644 eum,
665 1606 757 1648 quod
779 1611 898 1637 contra
925 1604 1094 1648 templum

110 1663 142 1689 et
160 1662 281 1688 contra
299 1654 407 1697 legem
428 1652 662 1697 blasphemias
681 1655 821 1687 dixerit.
862 1654 992 1697 Magna
1011 1667 1094 1687 con-

108 1705 277 1740 troversia
296 1705 381 1744 fuit,
407 1711 439 1738 et
457 1705 500 1737 de
528 1716 565 1737 re
588 1705 748 1737 omnium
772 1704 942 1743 maxima,
971 1705 1096 1738 videli—

110 1763 163 1790 cet
186 1757 228 1789 de
253 1756 326 1799 lege
348 1754 435 1798 Dei,
464 1761 495 1787 et
521 1755 617 1788 cultu
636 1767 739 1799 quem
764 1755 982 1793 instituerat,
1012 1754 1096 1789 haec

110 1806 310 1850 Stephanus
328 1806 412 1839 dicit
431 1805 505 1838 Deo
525 1806 725 1848 displicere,
753 1813 785 1838 et
804 1805 988 1838 interitura
1013 1818 1096 1841 esse,

109 1856 206 1890 Haec
240 1856 430 1889 adversarii
466 1856 668 1889 iudicabant
700 1868 770 1889 esse
799 1856 945 1888 crimina
975 1864 1095 1889 contra

111 1908 261 1952 primam
278 1908 453 1946 tabulam,
480 1904 682 1950 blasphema
699 1919 759 1939 sen
779 1905 969 1949 haeretica,
997 1909 1097 1940 ‹leiu-

112 1962 156 1992 de
174 1958 276 1992 etiam
299 1958 478 1991 seditiosa:
507 1958 587 2002 quia
612 1955 696 1990 haec
713 1958 872 1990 doctrina
900 1957 1098 1991 distractio-

112 2015 192 2042 n'em
211 2008 358 2042 faciebat
377 2008 477 2042 istius
499 2008 652 2052 politiae.
705 2007 851 2052 Semper
874 2008 1027 2042 existunt
1050 2008 1098 2041 si-

111 2059 213 2092 miles
232 2059 491 2098 contentionns,
517 2059 653 2103 quoties
673 2058 764 2092 Deus
791 2059 951 2092 emendat
976 2057 1099 2092 Eccle-

113 2110 219 2149 siam,
252 2107 454 2154 hypocritae
477 2110 656 2143 clamitant
677 2110 808 2142 cultum
826 2109 891 2143 Dei
911 2109 1099 2143 labefacta-

115 2159 166 2201 ri,
193 2160 366 2203 sapientes
383 2167 579 2204 queruntur
597 2158 745 2193 distrahi
765 2160 921 2204 imperia.

180 2256 269 2297 Quid
297 2256 401 2299 igitur
431 2257 616 2289 discendum
647 2260 694 2287 est
721 2267 765 2288 ex
793 2257 855 2289 huc
877 2257 1039 2299 Stephani

521 2297 686 2331 historia?

218 2360 377 2395 Primum
403 2358 470 2394 hoc
495 2361 531 2394 in
557 2372 682 2404 genere
710 2361 882 2400 discatur,
918 2363 1012 2407 quod
1040 2374 1101 2394 ne-

63 2409 67 2414 ’
117 2424 209 2447 cesse
239 2412 283 2446 sit
311 2413 515 2444 mandatum
543 2413 586 2445 de
613 2412 831 2445 confessione
858 2412 927 2444 illis
953 2413 1103 2457 querelis

116 2465 298 2497 anteferre.
352 2462 469 2496 Grave
484 2463 615 2496 crimen
635 2471 703 2502 est,
730 2464 824 2507 qnod
842 2464 963 2496 dicunt
980 2465 1103 2496 adver-

119 2515 199 2548 sarii
216 2513 349 2547 aboleri
373 2526 390 2546 a
409 2513 512 2546 nobis
534 2514 668 2548 cultum
690 2514 771 2554 Dei,
797 2521 827 2547 et
853 2514 987 2556 legibus
1008 2514 1104 2547 laxa-

119 2565 164 2598 tis
197 2563 398 2598 confirmari
427 2564 616 2600 licentiam.
670 2564 788 2598 Grave
819 2572 869 2599 est
896 2572 928 2598 et
955 2565 1102 2598 alterum

122 2616 272 2654 crimen,
297 2617 390 2659 quod
416 2615 568 2648 dicimur
585 2613 778 2648 distrahere
797 2615 951 2660 Respub.
972 2623 1103 2649 mutato

123 2676 247 2708 gent-re
261 2666 452 2701 doctrinae.
506 2664 572 2698 llis
595 2666 875 2701 accusationibus
895 2664 1001 2701 homo
1026 2679 1103 2700 mo-

176 2717 350 2749 Memxrn.
371 2719 473 2750 Orza.
503 2718 584 2751 Yon.
606 2717 698 2752 XIV.

791 100 1183 141 ANNOTATIONES
1211 103 1262 140 IN
1288 103 1589 146 EVANGELIA.

2055 114 2129 151 454

1143 190 1260 223 destos
1277 203 1349 224 non
1367 199 1479 236 potest
1497 206 1570 227 non
1588 195 1742 236 moveri,
1769 197 1828 230 sed
1853 203 1969 232 tamen
1995 200 2127 234 antefe-

1144 242 1292 274 rendum
1325 249 1376 277 est
1405 245 1609 277 mandatnm
1641 246 1683 278 (le
1713 249 1948 283 confessione:
1984 249 2020 284 Si
2048 252 2126 296 quis

1142 293 1322 334 negaverit
1352 305 1406 325 me
1437 305 1552 326 coram
1587 292 1810 336 hominibus,
1841 301 1974 343 negabo
2005 308 2038 335 et
2062 314 2125 345 ego

1142 355 1221 376 eum
1238 355 1355 375 coram
1380 340 1477 386 patre
1493 344 1646 378 coelesti.

1243 400 1426 443 Secundo,
1460 403 1619 436 doctrina
1645 403 1718 448 ipsa
1750 416 1987 449 cognoscatur.
2047 410 2126 446 Ste-

1143 449 1280 497 phanus
1298 454 1399 487 docet
1418 453 1506 487 ritus
1524 454 1644 497 templi
1664 467 1735 488 non
1759 468 1831 490 esse
1849 459 1964 493 cultus
1980 459 2063 499 Dei.
2093 469 2127 496 et

1143 510 1245 545 negat
1269 502 1414 536 ludaeos
1444 505 1554 537 iustos
1586 517 1658 538 esse
1688 506 1781 549 lege,
1815 517 1918 551 negat
1948 519 2126 553 peccatum

1143 554 1220 587 tolli
1245 554 1397 587 cultibus
1422 555 1512 595 illis,
1537 556 1705 598 praedicit
1724 564 1756 590 et
1776 559 1898 602 templi
1918 560 2126 595 destructio-

1144 616 1242 645 nem,
1270 611 1302 637 et
1323 605 1494 637 excidium
1519 607 1625 639 totius
1644 607 1804 649 politiae,
1832 616 1871 643 ut
1893 612 2054 645 ostendat
2070 624 2126 645 re-

1143 666 1249 698 gnum
1266 653 1397 688 Christi
1418 667 1489 688 esse
1505 663 1686 689 aeternum
1703 670 1862 701 regnum,
1881 668 1914 695 et
1933 673 2004 694 non
2021 674 2128 696 mun-

1143 707 1270 738 danam
1307 706 1478 749 politiam.
1542 708 1583 739 Iu
1618 705 1681 740 hac
1718 709 1956 753 disputatione
1991 724 2127 748 summa

1142 753 1326 799 Evangelii
1351 754 1677 801 comprehenditur:
1712 759 1794 802 quia
1818 770 1918 804 negat
1950 764 2127 798 sacrificiis

1144 807 1220 840 tolli
1240 814 1387 849 peccata,
1414 809 1568 841 ostendit
1585 814 1727 852 propter
1743 809 1909 844 Messiam
1927 813 2052 846 donari
2071 827 2127 848 re-

1145 857 1346 890 missionem
1381 865 1620 901 peccatorum,
1656 859 1737 904 quia
1764 868 1867 903 negat
1891 862 1978 895 ritus
2006 866 2128 908 templi

1144 919 1215 940 esse
1232 909 1345 941 cultus
1359 908 1444 949 Dei,
1473 916 1643 943 monstrat
1661 910 1766 951 alios,
1792 912 1924 946 scilicet
1943 915 2128 957 poeniten-

1144 959 1250 999 tiam,
1286 959 1410 999 fidem,
1449 959 1727 1001 invocationem,
1769 961 1932 996 fiduciam
1967 964 2128 1004 Messi-ae,

1144 1021 1211 1053 qua
1238 1009 1397 1042 incoatur
1421 1009 1457 1041 in
1482 1010 1585 1042 nobis
1607 1022 1696 1042 nova
1715 1012 1791 1052 lux,
1817 1025 1908 1046 nova
1926 1015 2128 1050 obedientia

1145 1067 1178 1092 et
1203 1060 1272 1093 vita
1300 1067 1459 1100 aeterna,
1493 1060 1580 1094 sicut
1604 1058 1764 1095 Christus
1791 1063 1924 1108 inquit:
1959 1064 2056 1099 Haec
2079 1076 2130 1102 est

1145 1110 1214 1143 vita
1249 1118 1408 1151 aeterua,
1443 1117 1481 1144 ut
1513 1119 1701 1154 agnoscant
1726 1119 1758 1145 te
1780 1113 1898 1147 Deum
1922 1128 2062 1158 verum,
2095 1125 2130 1152 et

1145 1173 1247 1205 quem
1267 1161 1391 1194 misisti
1410 1160 1521 1194 lesum
1542 1173 1613 1194 esse
1628 1160 1820 1197 Christum.

1246 1218 1320 1251 Has
1342 1231 1412 1259 res,
1439 1219 1601 1252 videlicet
1625 1221 1893 1262 poenitentiam,
1921 1224 2043 1263 fidem,
2073 1225 2130 1258 in-

1146 1270 1376 1310 vocationem,
1393 1282 1520 1301 novam
1538 1270 1778 1304 obedientiam
1796 1273 2025 1316 spiritualem,
2042 1276 2131 1311 dixit

1146 1317 1346 1362 Stephanus
1371 1332 1470 1352 veros
1495 1331 1567 1352 esse
1591 1320 1725 1362 cultus,
1759 1329 1791 1355 et
1817 1331 1960 1367 propter
1990 1323 2052 1358 has
2076 1339 2131 1360 res

1145 1370 1289 1402 missum
1307 1381 1379 1402 esse
1395 1369 1525 1403 Filium
1543 1369 1627 1410 Dei,
1655 1383 1727 1404 non
1745 1380 1784 1406 ut
1799 1382 1984 1416 occuparet
2006 1378 2131 1410 muudi

1147 1420 1345 1464 imperium.
1402 1419 1555 1465 Ideoque
1574 1427 1717 1455 testatus
1734 1430 1781 1457 est
1806 1425 1974 1468 templum
1992 1433 2023 1459 et
2042 1428 2132 1461 ritus

1146 1471 1350 1504 interituros
1369 1482 1457 1511 esse,
1483 1478 1521 1505 ut
1539 1478 1629 1504 extet
1652 1473 1889 1507 testiinonium
1914 1475 2036 1509 iudicii
2054 1477 2132 1519 Dei,

1146 1522 1238 1566 quod
1258 1519 1292 1553 hi
1315 1521 1402 1554 ritus
1419 1534 1491 1554 non
1509 1522 1578 1554 sint
1596 1523 1731 1556 iusticia
1753 1525 1849 1568 regni
1870 1525 2027 1562 Messiae.

1248 1579 1349 1613 Hanc
1366 1581 1510 1613 eandem
1537 1581 1743 1614 sententiam
1769 1582 1805 1615 in
1832 1583 1934 1627 longa
1961 1587 2131 1620 concione

1146 1638 1263 1674 postea
1289 1637 1412 1664 tractat
1436 1628 1651 1673 Stephanus,
1678 1632 1776 1665 cuius
1801 1635 1981 1668 concionis
2004 1634 2060 1670 hic
2081 1645 2132 1671 est

1146 1688 1272 1713 status:
1310 1680 1414 1722 Quod
1436 1681 1535 1712 datae
1558 1681 1626 1713 siut
1652 1682 1899 1724 promissiones
1916 1686 1958 1717 de
1981 1693 2130 1721 venturo

1149 1730 1277 1764 Messia
1290 1755 1298 1768 ‚
1328 1738 1358 1763 et
1376 1731 1480 1763 suerit
1497 1729 1654 1764 Ecclesia
1673 1732 1775 1766 etiam
1802 1746 1879 1767 cum
1900 1737 2058 1770 nondum
2077 1750 2131 1771 es-

1147 1789 1196 1815 set
1223 1781 1408 1824 templum:
1446 1793 1509 1814 nec
1537 1782 1668 1814 cultum
1699 1795 1820 1816 verum
1852 1797 1923 1818 esse
1949 1784 2013 1819 hos
2043 1789 2131 1822 ritus

1148 1832 1278 1875 templi,
1306 1833 1362 1864 sed
1383 1833 1522 1864 credere
1539 1830 1603 1865 Dei
1622 1833 1915 1876 promissionibus
1933 1839 1976 1870 de
1990 1837 2132 1878 Messia‚

1148 1890 1179 1916 ct
1198 1883 1233 1914 in
1253 1880 1315 1914 hac
1339 1882 1403 1914 side
1420 1895 1496 1915 eum
1518 1882 1692 1916 invocare.

1251 1939 1410 1974 Eandem
1442 1940 1636 1973 doctrinam
1665 1943 1910 1985 complectitur
1932 1946 2133 1991 disputatio,

1149 2003 1236 2037 quae
1261 1992 1421 2024 adfirmat
1452 2002 1596 2033 regnum
1623 1990 1756 2026 Christi
1782 2006 1854 2027 non
1884 2007 1956 2029 esse
1981 2000 2132 2032 munda-

1150 2054 1255 2082 num,
1282 2042 1363 2086 quia
1380 2042 1493 2074 statim
1513 2044 1751 2086 quaerendum
1771 2052 1839 2086 est,
1867 2059 1929 2080 cur
1944 2060 2061 2091 passus
2078 2050 2134 2090 sit,

1149 2093 1291 2132 scilicet,
1319 2099 1356 2125 ut
1373 2099 1458 2125 esset
1475 2092 1614 2125 victima
1632 2105 1693 2136 pro
1713 2102 1862 2137 peccato.
1902 2097 2001 2139 Item,
2030 2101 2133 2144 quale

1150 2144 1192 2176 sit
1213 2154 1370 2185 reguum,
1396 2155 1484 2187 quae
1502 2144 1570 2175 sint
1588 2144 1662 2176 eius
1683 2145 1859 2187 beneficia,
1880 2149 2051 2186 videlicet,
2077 2163 2133 2183 re-

1151 2194 1268 2227 missio
1291 2194 1440 2237 peccati,
1469 2193 1620 2227 incoatio
1640 2195 1729 2228 vitae
1751 2203 1911 2230 aeternae
1935 2212 1995 2242 per
2019 2200 2134 2243 Spiri-

1151 2252 1224 2278 tum
1249 2251 1426 2283 sanctum,
1460 2252 1493 2277 et
1518 2245 1661 2277 donatio
1689 2245 1778 2279 vitae
1807 2255 1978 2285 aeternae.
2037 2250 2134 2286 Haec

1152 2295 1317 2328 beneficia
1341 2295 1527 2328 incoantur
1550 2295 1585 2327 in
1613 2293 1674 2328 hac
1691 2296 1758 2329 vita
1779 2309 1840 2340 per
1862 2300 1978 2335 fidem.
2030 2301 2077 2335 Et
2093 2314 2133 2335 ex

1153 2343 1216 2379 bac
1242 2343 1429 2391 hypothesi
1456 2346 1693 2390 sequebantur
1715 2347 1792 2381 illa:
1822 2356 1861 2383 ut
1884 2359 2058 2385 constaret
2080 2364 2135 2386 re-

1152 2409 1258 2439 gnum
1286 2396 1434 2430 Messiae
1466 2408 1537 2429 nou
1566 2407 1637 2429 csse
1659 2399 1900 2441 mundanum,
1935 2409 2134 2435 secuturum

1153 2459 1225 2480 esse
1257 2447 1430 2481 excidium
1468 2446 1586 2487 urbis,
1619 2449 1760 2491 templi,
1796 2456 1828 2483 et
1859 2451 1965 2485 totius
1992 2453 2134 2496 politiae

1154 2497 1333 2538 Iudaicae,
1360 2498 1449 2532 sicut
1462 2497 1590 2531 Daniel
1611 2499 1840 2542 praedixerat.

1254 2565 1350 2599 Haec
1376 2565 1550 2609 disputata
1574 2572 1657 2598 sunt
1679 2577 1697 2598 a
1720 2564 1917 2609 Stephano,
1947 2570 2006 2615 qui
2035 2571 2136 2606 facile

1155 2623 1289 2660 poterat
1311 2617 1519 2650 convincere
1552 2614 1706 2651 ludaeos.
1758 2615 1885 2651 Daniel
1916 2620 2007 2655 clare
2036 2635 2138 2666 prae-

1154 2668 1242 2702 dixit
1258 2668 1355 2701 urbis
1373 2666 1560 2706 excidium,
1581 2676 1661 2749 mgox
1678 2674 1754 2711 post
1770 2668 1959 2704 adventum
1977 2671 2140 2708 Messiae.

1581 2718 1604 2750 2
