2409 2915
88 111 161 149 755
336 110 418 147 ΧΠ.

87 199 173 232 inde
198 204 424 242 oppugnatur
444 209 463 231 a
485 195 639 231 Diabolo
663 202 813 230 conante
842 197 919 241 pios
950 204 1068 232 coetus

87 246 173 284 hinc
190 249 372 292 caedibus,
401 249 499 282 illinc
518 254 689 282 sectarum
712 247 912 288 furoribus,
947 256 979 283 et
1002 249 1069 281 im-

88 300 167 344 piae
184 300 364 333 doctrinae
381 298 524 332 venenis
540 298 701 332 funditus
717 299 936 342 exstinguere
953 311 991 332 ac
1007 300 1067 332 de—

87 351 174 384 lere:
219 357 335 384 tamen
359 348 414 382 his
437 349 580 394 quidem
604 350 841 393 temporibus,
881 351 968 384 adeo
991 357 1067 384 tur-

85 401 239 435 bulentis
254 408 357 446 atque
373 399 601 438 difficillimis,
626 400 739 434 multo
755 401 925 434 tristiores
942 402 1067 435 confu-

85 452 219 492 siones,
253 451 428 495 asperiora
451 450 661 492 certamina,
695 458 729 485 et
754 452 862 495 magis
888 449 1065 485 horrenda

84 503 238 547 pericula
256 502 421 535 videntur
438 501 651 545 impendere.
706 501 763 535 An
781 515 852 535 non
871 503 965 535 enim
989 515 1066 535 cor—

85 565 209 598 porum
236 554 357 585 caedes
380 552 419 585 in
445 552 738 586 oculis-omnium
761 553 873 586 fiunt?
923 553 1065 586 Turcici

84 611 175 638 certe
196 603 349 637 latrones
371 602 536 636 atrociter
551 611 754 647 grassantur
770 604 807 636 in
828 602 1000 645 Ungaria:
1028 604 1064 637 id

82 651 172 699 proh
196 654 299 687 dolor
322 653 443 696 negari
469 666 543 686 non
570 661 695 698 potest.
755 654 827 688 Nec
849 655 1064 688 somniemus

81 705 195 738 clades
210 711 244 738 et
268 705 480 739 vastationes
503 705 540 737 in
564 705 680 739 vicina
698 704 880 738 Pannonia
903 703 995 738 nihil
1019 706 1063 738 ad

81 766 145 788 nos
159 755 344 799 pertinere.
397 754 486 789 Nam
503 755 609 800 paulo
628 763 724 800 post,
753 758 847 801 quod
866 755 962 789 Deus
981 768 1063 799 pro·
1088 764 1091 808 g

79 803 213 846 hibeat,
240 806 379 849 longius
395 813 570 849 grassante
586 807 682 840 rabie
697 806 846 840 Turcica
865 804 930 840 hae
949 807 1062 850 regio·
1087 836 1090 846 ,

78 868 139 890 nes
154 856 324 901 opinione
339 857 498 891 omnium
518 857 665 891 celerius
681 864 713 890 et
730 857 918 890 immanius
934 858 1063 891 vastari
1087 856 1090 898 ἵ

77 907 178 941 facile
198 914 375 955 poterunt.
443 907 586 942 Praeter
611 908 648 941 id
674 908 890 952 periculum,
925 908 1062 952 impen-

76 958 163 991 dens
184 970 203 991 a
228 959 469 993 crudelissima
493 966 595 1002 gente
616 958 785 999 Turcica‚
821 959 974 992 ditiones
996 957 1061 992 hae

75 1008 239 1042 civilibus
255 1010 377 1050 bellis,
405 1021 568 1043 annonae
584 1010 867 1049 difficultatibus,
894 1010 1061 1043 aliarum-

74 1071 142 1105 que
165 1060 387 1094 miseriarum
409 1060 503 1094 mole
521 1067 702 1104 tantopere
720 1061 902 1100 laborant,
931 1071 1060 1104 urgen-

73 1117 133 1145 tur
156 1122 195 1144 ac
226 1119 453 1155 premuntur,
496 1118 535 1145 ut
561 1109 796 1144 Ecclesiarum
821 1111 1001 1155 dissipatio
1028 1117 1060 1144 et

72 1161 256 1195 barbarica
272 1162 413 1195 vastitas
431 1162 623 1195 admodum
641 1162 828 1196 metuenda
843 1162 897 1195 sit.
951 1159 1058 1195 Acce-

73 1213 163 1246 dunt
191 1224 349 1246 errorum
376 1213 535 1256 contagia
559 1212 789 1255 multiplicia,
825 1220 857 1246 et
879 1212 1060 1246 doctrinae

72 1263 231 1296 coelestis
251 1264 485 1306 corruptelae,
512 1268 552 1295 ut
576 1262 882 1302 insidiosissimae,
910 1263 957 1296 ita
980 1275 1058 1306 per-
1084 1277 1087 1309 Ι

71 1313 341 1346 niciosissimae:
370 1325 459 1358 quae
480 1312 608 1356 passim
632 1318 845 1356 sparguntur
868 1310 924 1345 his
947 1313 1058 1345 mori-
1085 1312 1086 1317 ’

69 1363 137 1396 hus
160 1369 265 1408 atque
287 1363 506 1406 temporibus
528 1362 769 1395 audacissime.
834 1361 981 1396 Patroni
1003 1369 1057 1408 ty-

69 1413 231 1446 rannidis
245 1412 451 1446 Pontificiae
474 1425 534 1446 seu
556 1410 736 1455 dignitatis
753 1411 936 1446 Romanae
954 1414 1056 1453 sedis,

69 1463 270 1497 didicerunt
301 1464 370 1497 iam
405 1464 550 1509 pingere
580 1464 705 1497 fucatis
738 1464 916 1498 coloribus
941 1465 1056 1498 mani-

67 1514 173 1549 festos
198 1526 335 1548 errores
359 1526 458 1554 suos,
499 1526 588 1560 quos
613 1515 842 1556 confirmant,
878 1522 912 1549 et
936 1521 1055 1559 aperta

69 1566 123 1606 vi,
155 1577 216 1599 seu
239 1566 464 1607 crudelitate,
502 1573 536 1600 et
560 1565 652 1598 dolis
677 1566 863 1599 vaferrime
888 1566 1055 1599 consutis.

67 1615 226 1650 Fanatici
237 1615 490 1660 Anabaptistae
504 1617 620 1650 denuo
638 1617 737 1661 quasi
755 1617 892 1650 refectis
908 1617 1056 1657 viribus,

68 1667 295 1707 exoriuntur,
329 1679 394 1700 nec
416 1674 583 1701 verentur
605 1668 692 1700 adeo
714 1673 822 1701 tetros
847 1675 879 1701 et
900 1667 1055 1710 insignes

477 107 872 146 ANNOTATIONES
899 108 965 145 ET
992 106 1272 146 CONCIONES
1298 108 1350 143 IN
1374 106 1554 147 EVANG.
1585 112 1867 155 MATTHAEI.

2035 125 2110 162 ⁴754

1093 204 1098 215 ¹
1122 196 1307 230 vastandas
1334 194 1397 230 has
1420 194 1650 242 Ecclesiolas,
1691 203 1729 236 in
1760 207 1888 250 quibus
1916 219 2107 253 pascuntur

1121 247 1280 280 oviculae
1296 243 1448 288 Christi,
1475 249 1511 281 in
1529 251 1658 294 quibus
1673 259 1711 287 tu
1734 262 1767 289 et
1791 259 1939 294 tenellus
1960 272 2041 305 grex
2061 263 2105 296 li-

1120 298 1286 330 berorum
1298 303 1438 331 tuorum
1453 307 1622 336 versatur.
1655 302 1724 337 Sed
1742 308 1853 342 adstat
1866 311 1969 345 nobis
1985 314 2104 356 opitu-

1121 349 1230 386 lator,
1265 354 1299 381 et
1323 355 1499 391 protector
1522 350 1613 384 filius
1631 353 1718 395 Dei,
1753 358 1951 395 clamitans:
1990 362 2103 398 Nemo

1119 399 1231 442 rapiet
1248 410 1331 432 oves
1348 410 1442 432 meas
1458 411 1497 432 ex
1515 402 1677 437 manibus
1693 408 1790 442 meis.
1842 409 2018 456 Equidem
2037 416 2103 449 ob-

1118 457 1226 484 testor
1243 461 1323 493 voS,
1356 457 1394 483 ut
1411 447 1476 483 hac
1500 451 1574 494 ipsa
1599 456 1840 492 consolatione
1863 465 1966 497 corda
1989 472 2101 499 vestra

1118 507 1150 534 et
1168 500 1307 544 erigatis
1323 512 1361 534 ac
1377 501 1563 541 muniatis,
1588 515 1627 537 ac
1642 507 1842 550 saepissime
1860 516 2028 548 memoria
2047 529 2101 550 re-

1090 548 1092 553 ’
1118 552 1260 596 petatis,
1288 558 1322 585 et
1338 558 1418 585 ante
1435 553 1556 586 oculos
1574 557 1713 597 ponatis
1739 555 1805 592 hoc
1828 561 1978 597 dictum:
2013 566 2101 608 Imo,

1117 602 1254 647 quoties
1285 603 1478 636 dormitum
1509 603 1586 649 itis,
1629 608 1766 651 quoties
1791 622 1809 643 e
1830 611 1919 646 lecto
1946 617 2099 661 surgitis,

1116 653 1253 698 quoties
1267 653 1462 687 carissimos
1477 654 1672 691 infantulos
1684 666 1835 700 vestros,
1863 671 1923 698 aut
1938 665 1975 698 in
1993 679 2100 701 cunas

1116 704 1251 747 vesperi
1276 704 1476 748 deponitis,
1511 713 1570 739 aut
1602 720 1705 742 mane
1733 722 1950 756 experrectos
1975 729 2014 750 ex
2039 718 2100 751 iis-

1116 755 1194 788 dem
1211 755 1429 798 depromitis,
1456 756 1603 797 cogitate
1620 765 1653 792 et
1668 760 1810 796 recitate
1828 761 1910 798 haec
1924 774 1983 801 aut
2000 768 2100 801 simi-

1115 805 1162 838 lia
1181 806 1303 839 verba:
1331 803 1389 838 Ah
1408 804 1561 839 Domine
1580 806 1657 842 Iesu
1673 808 1830 853 Christe,
1867 812 1923 849 hic
1949 820 2099 853 tenellus

1116 856 1231 889 infans
1248 868 1308 890 seu
1327 856 1428 900 pusio
1445 857 1548 891 etiam
1574 865 1624 893 est
1647 860 1785 895 ovicula
1807 865 1850 897 de
1877 873 1938 900 tuo
1962 869 2098 904 misello

1115 918 1233 950 grege,
1261 918 1322 949 ego
1341 913 1373 941 et
1396 907 1566 942 familiola
1588 921 1664 944 mea
1687 923 1807 947 sumus
1831 915 1868 948 in
1893 918 1961 950 tuis
1986 921 2100 953 mani-

1087 971 1090 982 ·
1116 959 1199 998 bus,
1235 965 1294 991 tua
1320 970 1427 991 manu
1451 959 1604 994 subiecta
1631 963 1872 1007 consistimus,
1908 980 1971 1002 nec
1992 967 2099 1004 habe-

1114 1020 1192 1041 mus
1207 1009 1279 1042 ulla
1298 1015 1388 1042 certa
1407 1008 1560 1043 visibilia
1577 1017 1610 1045 et
1626 1009 1781 1049 humana
1798 1018 1989 1061 praesidia,
2018 1023 2100 1055 nul-

1115 1059 1184 1091 lam
1211 1059 1347 1092 firmam
1374 1059 1636 1103 defensionem,
1677 1066 1737 1098 sed
1762 1073 1798 1100 tu
1822 1080 1887 1102 nos
1909 1070 2099 1106 clementer

1114 1120 1273 1152 protege,
1300 1116 1398 1143 tuere
1412 1121 1452 1143 ac
1468 1122 1566 1156 rege,
1594 1113 1730 1156 depelle
1755 1128 1772 1149 a
1795 1119 1899 1152 nobis
1915 1119 2098 1165 Diabolos‚

1115 1159 1267 1204 Turcas,
1295 1159 1445 1204 Papam,
1468 1159 1735 1206 AnabaptistaS,
1762 1173 1794 1200 et
1810 1177 1963 1205 caeteros
1981 1170 2097 1208 hostes

1113 1217 1190 1244 tuos
1213 1217 1408 1253 grassantes
1432 1212 1626 1246 mendaciis
1649 1222 1681 1249 et
1706 1214 1918 1256 homicidiis.
1970 1223 2098 1258 Assere

1112 1268 1149 1294 tu
1170 1261 1317 1304 gloriam
1334 1262 1448 1294 divini
1472 1263 1627 1297 nominis
1652 1267 1721 1306 tui,
1754 1280 1818 1302 nec
1844 1273 2023 1315 permitte,
2059 1284 2098 1310 ut

1084 1319 1086 1327 ’
1112 1309 1227 1345 hostes
1244 1309 1439 1355 blasphemi
1456 1319 1487 1346 et
1503 1313 1660 1349 sitientes
1676 1319 1810 1352 cruoris
1825 1321 1986 1357 funditus
1999 1337 2098 1359 ever-

1111 1368 1186 1395 tant
1202 1374 1240 1395 ac
1261 1362 1401 1405 penitus
1426 1363 1566 1397 deleant
1592 1362 1653 1398 has
1679 1379 1906 1405 aerumnosas
1921 1372 2098 1409 Ecclesio-

1110 1412 1172 1447 las.
1224 1412 1439 1446 Huiusmodi
1459 1415 1676 1457 precationes
1703 1429 1803 1463 saepe
1823 1423 1984 1465 repetite:
2016 1427 2099 1471 quia

1110 1469 1201 1497 certe
1225 1470 1344 1497 tantus
1370 1471 1420 1498 est
1444 1462 1511 1498 hoc
1544 1471 1702 1510 tempore
1734 1469 1942 1507 instantium
1973 1482 2006 1509 et
2042 1477 2098 1510 in-

1108 1513 1310 1555 gruentium
1334 1515 1511 1549 malorum
1540 1524 1672 1557 metus,
1712 1527 1751 1554 ut
1775 1521 1813 1554 in
1838 1520 1902 1557 hac
1925 1528 2099 1562 moestitia

1109 1564 1268 1606 publica,
1295 1563 1323 1597 si
1339 1575 1498 1609 unquam
1516 1567 1620 1608 alias,
1648 1569 1716 1603 iam
1734 1582 1956 1619 summopere
1974 1578 2019 1611 sit
2036 1590 2098 1612 ne-

1109 1615 1295 1647 cessarium
1313 1626 1378 1647 nos
1397 1615 1488 1648 veris
1508 1617 1708 1651 animorum
1732 1623 1887 1657 motibus
1911 1633 2017 1671 atque
2039 1640 2098 1670 ge-

1109 1664 1270 1705 mitibus,
1298 1666 1339 1698 ad
1363 1665 1630 1709 propitiatorem
1649 1668 1842 1705 Dominum
1861 1683 2020 1710 nostrum
2045 1678 2099 1712 le-

66 1729 202 1752 errores
218 1718 438 1751 comminisci
456 1730 495 1751 ac
511 1718 748 1755 circumferre,
772 1724 812 1751 ut
827 1715 1055 1760 blasphemus
1079 1750 1082 1770 ¹
1108 1726 1184 1747 sum
1204 1712 1386 1749 Christum
1409 1716 1605 1760 suspirare,
1635 1720 1844 1765 confugere,
1871 1726 2038 1770 clamare,
2064 1738 2097 1765 et

66 1768 127 1801 ille
144 1768 317 1812 Spiritus,
346 1780 416 1813 quo
432 1769 583 1810 agitatur
599 1773 631 1799 et
647 1766 845 1810 impellitur
868 1773 957 1800 secta
975 1767 1054 1811 plus
1079 1792 1082 1835 Ι
1107 1766 1373 1799 ardentissimas
1391 1778 1509 1810 preces
1525 1767 1719 1803 effundere.

67 1830 172 1864 quam
188 1818 298 1851 delira
310 1845 319 1859 ‚
344 1825 482 1852 tantum
500 1817 700 1862 petulanter
718 1817 866 1850 illudere
885 1830 923 1851 ac
940 1818 1053 1851 insul·
1078 1837 1081 1870 5
1211 1815 1368 1851 Tantum
1391 1817 1545 1851 breviter
1559 1819 1602 1851 de
1619 1823 1794 1863 praesenti
1812 1831 1924 1859 textu:
1964 1829 2000 1862 in
2026 1843 2096 1875 quo

65 1875 140 1903 tare
155 1869 318 1903 videatur
332 1867 489 1903 humano
504 1868 634 1912 generi.
671 1868 769 1902 Haec
787 1875 882 1902 tanta
899 1869 1052 1912 pericula
1077 1900 1081 1920 Ι
1107 1867 1224 1911 paucis
1241 1868 1357 1901 verbis
1372 1868 1554 1901 doctrinae
1571 1871 1712 1904 maximi
1729 1877 1912 1917 momenti,
1931 1885 1965 1912 et
1981 1883 2097 1915 omni-

64 1919 200 1954 debetis
215 1919 334 1953 omnia
351 1932 549 1965 proponere
565 1919 711 1958 animis,
739 1926 907 1963 tantoque
924 1921 1052 1953 arden·
1078 1927 1080 1944 ’ν
1106 1930 1152 1950 no
1175 1918 1399 1960 gravissimae
1424 1919 1712 1962 perstringuntur
1735 1925 1915 1960 mentione
1936 1928 2041 1973 Legis
2065 1940 2098 1966 et

63 1971 134 2006 tius
150 1977 183 2005 et
200 1971 310 2014 magis
326 1971 416 2004 serio
435 1971 625 2015 implorare
642 1968 964 2011 auxiliumChristi,
991 1983 1052 2004 cu-
1077 1947 1080 2024 ἒ
1106 1966 1373 2012 Prophetarum.
1442 1967 1512 2002 Sed
1537 1981 1760 2017 nequaquam
1786 1986 1932 2018 possunt
1963 1980 1999 2013 in
2033 1980 2097 2017 hac

65 2022 120 2057 ius
135 2019 221 2055 haec
238 2022 498 2056 estdulcissima
510 2019 735 2057 voonhann.
750 2021 823 2057 10.:
851 2019 947 2055 Oves
957 2033 1052 2055 meae
1077 2025 1079 2052 .’
1105 2019 1272 2063 temporis
1288 2019 1447 2063 angustia
1469 2020 1574 2054 simul
1591 2028 1643 2055 tot
1664 2025 1831 2059 materiae
1855 2028 1892 2061 in
1921 2027 1985 2064 hac
2012 2045 2097 2066 con-

62 2084 185 2106 vocem
201 2084 312 2106 meam
329 2073 499 2115 audiunt,
525 2080 558 2108 et
573 2084 677 2106 nemo
694 2072 808 2117 rapiet
830 2084 887 2106 eas
911 2084 951 2106 ex
976 2084 1052 2106 ma·
1076 2063 1079 2078 ¹
1105 2071 1206 2104 cione
1225 2068 1509 2114 comprehensae,
1537 2072 1620 2106 satis
1635 2079 1668 2107 et
1686 2083 1857 2119 quantum
1874 2080 1979 2115 fuerit
1997 2095 2097 2127 opus,

63 2123 171 2157 nibus
187 2123 286 2157 meis.
1105 2121 1271 2165 explicari
1290 2133 1328 2155 ac
1345 2122 1529 2155 declarari.
1592 2122 1836 2161 Veruntamen
1860 2142 1921 2163 vos
1946 2132 2012 2175 ipsi
2040 2147 2095 2168 re-

165 2173 302 2208 Videtis
331 2171 423 2206 hanc
452 2173 564 2217 ipsam
587 2186 708 2207 vocem
732 2173 879 2208 Domini
907 2184 1052 2217 prorsus
1104 2171 1228 2216 petite,
1267 2184 1307 2205 ae
1342 2173 1380 2206 in
1409 2174 1613 2207 memoriam
1645 2177 1803 2211 reducite
1832 2191 1889 2220 ea,
1939 2183 1982 2215 de
2016 2186 2096 2229 qui-

63 2236 255 2269 congruere
278 2236 358 2258 cum
383 2231 549 2268 perpetua
566 2225 738 2259 sententia
753 2224 954 2267 Evangelii:
990 2225 1052 2257 de-
1076 2225 1078 2242 ¹
1105 2224 1169 2256 bus
1196 2223 1355 2268 quotidie
1387 2224 1575 2268 diligenter
1597 2237 1637 2259 ac
1662 2227 1862 2263 luculenter
1891 2233 2083 2268 erudimini

63 2277 142 2311 finit
162 2274 339 2310 Ecclesiae
362 2275 518 2308 membra
545 2275 701 2309 oviculas
724 2276 906 2310 audientes
930 2287 1050 2308 vocem
1076 2316 1077 2322 ἵ
1104 2285 1247 2318 nempe,
1272 2287 1362 2319 quae
1379 2275 1423 2308 sit
1438 2287 1592 2315 summa,
1619 2270 1802 2320 quaesint
1824 2282 2009 2326 praecipua
2038 2263 2095 2319 ca.)

63 2328 239 2369 divinam,
265 2325 332 2360 hoc
349 2333 416 2367 est,
444 2326 694 2370 amplectentes
717 2327 899 2360 coelestem
917 2325 1050 2359 doctri·
1074 2326 1078 2368 ξ
1104 2325 1195 2369 pita,
1224 2326 1285 2370 qui
1307 2326 1519 2369 principales
1542 2326 1610 2359 loci
1635 2328 1817 2362 doctrinae
1833 2329 2092 2377 Prophetarum

63 2391 163 2420 nam,
187 2379 231 2412 de
245 2390 314 2424 qua
333 2377 514 2422 loquimur
530 2377 567 2409 in
583 2377 790 2421 praesentia,
817 2374 1050 2421 comprehen-
1073 2375 1078 2410 .¹
1104 2383 1136 2410 et
1151 2376 1336 2410 universae
1351 2375 1527 2410 Ecclesiae
1548 2389 1565 2409 a
1585 2377 1762 2423 principio
1786 2393 1897 2426 usque
1914 2386 1956 2417 ad
1976 2386 2093 2421 finem,

63 2441 135 2463 sam
165 2430 202 2462 in
229 2429 370 2474 scriptis
394 2426 634 2473 Propheticis:
680 2429 759 2462 ideo
785 2435 904 2473 postea
934 2427 1048 2461 addit:
1073 2414 1077 2478 ί
1103 2426 1159 2461 Ad
1185 2424 1274 2460 banc
1299 2427 1563 2461 meditationem
1585 2428 1704 2462 addite
1726 2432 1888 2466 exercitia
1911 2447 2012 2469 verae
2037 2438 2092 2471 in-

65 2478 175 2514 Nemo
192 2481 304 2525 rapiet
319 2491 402 2513 oves
418 2491 513 2513 meas
529 2480 572 2513 de
589 2480 753 2512 manibus
773 2479 874 2519 meis,
911 2491 949 2512 ac
967 2480 1049 2523 quia
1073 2482 1076 2544 ἶ
1102 2478 1294 2512 vocationis
1313 2486 1346 2512 et
1362 2479 1537 2512 bonorum
1555 2478 1803 2520 spiritualium.
1856 2482 1906 2517 Ita
1928 2486 2090 2522 futurum

62 2531 175 2566 utitur
189 2531 297 2565 verbo
315 2530 496 2575 rapiendi,
527 2531 697 2574 significat
724 2531 847 2574 ingens
872 2536 1048 2563 certamen
1072 2552 1075 2574 ³,
1101 2536 1171 2569 est,
1203 2536 1242 2563 ut
1264 2529 1357 2563 filius
1380 2527 1446 2562 Dei
1470 2527 1647 2562 Dominus
1671 2539 1790 2566 noster
1815 2531 1910 2568 Iesus
1927 2534 2090 2573 Christus

64 2588 98 2616 et
112 2582 316 2616 acerrimam
333 2582 461 2615 luctam
479 2593 563 2616 esse.
603 2580 776 2616 Diabolus
793 2581 944 2625 impellit
954 2579 1048 2614 Tur-
1073 2578 1075 2592 ²
1101 2580 1173 2624 ipse
1191 2591 1252 2614 vos
1267 2580 1405 2614 erudiat
1425 2586 1455 2613 et
1473 2580 1670 2622 illuminet,
1697 2589 1735 2616 ut
1760 2583 1797 2616 in
1821 2584 1956 2620 sincero
1983 2588 2090 2623 intel-

65 2643 138 2674 cas,
161 2632 310 2677 Papam,
337 2631 606 2676 AnahaptistaS,
633 2640 666 2667 et
683 2633 777 2666 varia
796 2644 922 2676 genera
939 2639 1048 2665 secta·
1071 2601 1075 2679 Ι
1100 2632 1209 2672 lectu,
1236 2643 1297 2664 seu
1320 2631 1356 2664 in
1380 2637 1472 2664 recta
1491 2631 1662 2666 sententia
1680 2634 1892 2677 persistatis,
1919 2641 2089 2674 coz-roho-

65 2694 142 2717 rum
165 2684 208 2717 ad
231 2695 298 2718 nos
321 2695 444 2717 omnes
467 2683 627 2718 funditus
652 2684 912 2729 exstirpandos,
947 2689 979 2717 et
1003 2683 1044 2716 ad
1071 2687 1073 2724 j
1100 2682 1246 2724 remini,
1273 2689 1306 2716 et
1323 2681 1598 2720 confirmemini,
1625 2688 1730 2729 atque
1747 2685 1794 2719 ita
1822 2690 1992 2723 maneatis
2011 2693 2090 2725 ovi-

114 2735 287 2767 Mninn.
318 2737 420 2768 Orza.
449 2736 530 2766 Vol„
562 2736 653 2767 XIV.
1555 2732 1603 2767 48
