2409 2915
570 652 854 699 BREVES
897 652 1410 698 COMMENTARII
1455 651 1527 696 1N
1568 649 2042 705 ΜΑΤΤΗΑΕΗΜ,

796 755 1102 790 CONSCRIPTI
1134 755 1162 787 A
1196 751 1432 785 PHILIPPO
1467 750 1823 784 MELANTHONE.

297 885 465 951 Semper
493 904 596 939 initio
617 911 697 939 ante
718 903 977 938 enarrationem
998 902 1210 944 Librorum,
1246 900 1309 948 qui
1341 898 1490 934 recitant
1519 895 1704 934 historiam
1725 896 1931 944 Evangelii,
1961 898 2100 935 dicatur
2123 900 2168 935 de
2190 899 2317 935 discri-

298 957 397 991 mine
412 956 516 1000 Legis
532 963 566 990 et
581 954 779 998 Evangelii.

403 1005 543 1041 Deinde
562 1017 641 1040 cum
658 1008 701 1039 de
718 1004 951 1049 promissione
966 1004 1101 1039 dictum
1119 1010 1188 1045 est,
1216 1002 1367 1036 addatur
1386 1001 1466 1034 ideo
1489 1000 1634 1044 scriptas
1653 1011 1725 1034 esse
1748 996 1812 1035 has
1826 999 2073 1046 Narrationes,
2098 1009 2139 1038 ut
2152 1001 2318 1049 Apostoli

302 1057 374 1092 sint
389 1063 508 1096 testes,
536 1063 569 1090 et
584 1055 768 1101 posteritas
783 1062 874 1089 certa
891 1056 955 1097 sit,
981 1056 1077 1101 quod
1095 1055 1221 1088 missus
1238 1054 1282 1087 sit
1301 1052 1448 1086 Messias
1463 1057 1497 1085 et
1514 1049 1701 1086 exhibitus.

404 1107 527 1141 'l'ertio
544 1106 700 1148 dicatur,
727 1105 769 1140 ln
786 1106 936 1140 lectione
958 1106 1158 1150 evangelica
1182 1102 1266 1138 haec
1282 1110 1434 1149 quatuor
1451 1102 1626 1136 contineri
1641 1101 1840 1147 praecipue.

355 1159 391 1192 1.
441 1157 686 1195 Narrationes,
714 1156 793 1202 quis
811 1156 855 1190 sit
871 1154 1033 1190 Christus
1045 1181 1054 1195 ,
1082 1163 1116 1190 et
1132 1156 1228 1189 unde
1244 1154 1300 1188 sit.

351 1212 387 1245 2.
437 1207 613 1242 Miraeula
635 1207 856 1242 testificantia
880 1219 960 1241 eum
984 1218 1058 1240 non
1080 1218 1153 1240 esse
1176 1205 1427 1250 impostorem,
1461 1203 1522 1236 sed
1547 1212 1629 1235 vere
1649 1200 1796 1234 missum
1814 1213 1833 1235 a
1851 1201 1945 1244 Deo,
1970 1211 2005 1237 et
2024 1203 2221 1238 doctrinam
2244 1205 2320 1240 eius

299 1270 373 1293 esse
389 1270 519 1294 veram.

351 1312 387 1345 3.
439 1308 636 1344 Conciones
659 1306 864 1352 Evangelii,
898 1308 934 1342 id
958 1315 1028 1350 est,
1060 1306 1329 1353 promissiones,
1361 1311 1417 1338 ut:
1453 1302 1583 1338 Omnis
1608 1303 1670 1349 qui
1693 1303 1804 1337 credit
1827 1302 1866 1336 in
1889 1301 2041 1346 Filium,
2074 1316 2148 1339 non
2176 1306 2321 1351 peribit.

300 1358 435 1393 Venite
452 1360 495 1392 ad
513 1371 569 1392 me
586 1371 707 1393 omnes
722 1360 783 1404 qui
800 1359 966 1392 laboratis
983 1365 1047 1394 etc.

1099 1357 1187 1392 Item
1203 1358 1246 1389 de
1264 1356 1333 1389 vita
1349 1362 1501 1389 aeterna.

360 1409 399 1444 4.
450 1408 645 1444 Conciones
668 1410 712 1442 de
735 1409 839 1442 bonis
858 1409 1040 1453 operibus,
1073 1420 1161 1454 quae
1185 1406 1256 1441 sint
1279 1406 1374 1440 velut
1391 1405 1494 1448 Legis
1517 1403 1703 1438 conciones
1728 1410 1762 1438 et
1786 1403 2091 1449 interpretationes
2108 1405 2224 1451 Legis.
2272 1405 2321 1443 Et

302 1460 484 1505 pertinent
501 1460 544 1493 ad
559 1460 756 1493 doctrinam
772 1460 816 1492 de
832 1460 1059 1503 poenitentia.

403 1508 536 1555 Estque
563 1510 749 1553 diligenter
773 1510 1034 1544 observandum
1059 1509 1248 1544 discrimen
1272 1508 1364 1541 inter
1387 1505 1575 1550 Praecepta
1599 1511 1632 1540 et
1655 1504 1930 1547 Promissiones,
1965 1517 2010 1540 ne
2033 1507 2213 1543 amittatur
2237 1505 2323 1544 haec

302 1560 378 1602 lux,
405 1562 500 1604 quod
518 1560 679 1594 remissio
697 1560 742 1593 sit
757 1560 920 1603 gratuita,

403 1609 450 1646 Et
465 1617 601 1645 tantum
618 1611 660 1643 de
675 1608 843 1646 Exordio.

566 1726 702 1780 Caput
728 1728 762 1768 Ι.
792 1725 1013 1767 Matthaei.

354 1810 466 1847 Liber
478 1811 739 1858 yenerationis
757 1812 842 1844 lesu
860 1807 1001 1843 Christi
1019 1813 1084 1843 etc.

785 1881 814 1918 Ι.

306 1931 487 1987 Primum
502 1948 616 1994 Caput
632 1954 751 1982 narrat
773 1946 898 1981 seriem
916 1947 1060 1982 Patrum
1077 1946 1159 1981 inde
1179 1959 1289 1993 usque

303 2003 349 2037 ab
375 1998 574 2042 Abraham,
612 2005 646 2034 et
675 1999 803 2032 deinde
832 1996 1058 2033 Nativitatem
1086 1995 1219 2033 Christi
1251 2011 1289 2032 ex

302 2052 451 2097 virgine.

410 2107 457 2144 Et
483 2109 532 2143 sic
563 2114 708 2142 testatur
735 2105 937 2141 Matthaeus
961 2106 1128 2141 Messinm
1152 2105 1290 2141 exhibi-

302 2170 377 2197 tum
402 2171 494 2199 esse,
527 2165 560 2192 et
581 2158 700 2191 recitat
724 2158 873 2191 aliorum
905 2159 1103 2192 testimonia
1128 2167 1160 2193 et
1184 2159 1290 2192 mira-

303 2212 393 2248 cula.
446 2209 542 2245 Ilaec
560 2216 610 2243 est
624 2219 760 2241 summa
777 2208 880 2253 primi
898 2208 1032 2252 capitis.

778 2291 823 2331 11.

405 2359 475 2395 Sed
494 2359 566 2403 ipsa
587 2357 744 2391 recitatio
764 2365 902 2402 patrum
919 2359 1027 2392 multa
1046 2367 1176 2394 monet.

406 2418 567 2453 Primum
585 2418 678 2461 quod
697 2428 834 2459 semper
851 2417 956 2451 suerit
972 2415 1136 2458 Ecclesia,
1156 2426 1185 2452 et
1203 2432 1289 2464 qna·-

306 2474 349 2506 liz
366 2478 397 2504 et
414 2470 475 2503 ubi
494 2467 610 2507 fuerit,
638 2474 669 2500 et
686 2468 780 2512 qnod
796 2468 870 2500 sine
889 2469 1119 2512 promissione
1137 2471 1178 2501 de
1197 2470 1289 2503 Mes-

305 2525 352 2556 sia
366 2550 373 2563 ‚
403 2521 497 2554 nulla
517 2519 621 2552 suerit
642 2516 796 2551 Ecclesia
810 2545 818 2557 ‚
847 2531 909 2552 nec
928 2531 999 2551 esse
1020 2519 1136 2563 possit.

406 2578 468 2613 Est
494 2578 600 2618 igitur
628 2576 781 2610 Ecclesia
806 2578 885 2611 talis
909 2586 1027 2612 coetus
1046 2579 1193 2612 visibilis
1216 2593 1289 2612 :un-

306 2633 460 2677 plectens
493 2628 743 2671 Evangulium,
782 2629 818 2661 in
854 2642 923 2674 quo
958 2642 1018 2674 per
1053 2630 1287 2664 ministerium

1340 1721 1524 1763 Evangelii
1542 1733 1600 1754 sen
1616 1721 1860 1764 promissionis
1877 1721 1972 1757 Deus
1987 1729 2035 1755 est
2051 1722 2169 1755 efficax
2180 1748 2190 1763 ,
2217 1730 2251 1757 et
2267 1736 2324 1759 re-

1340 1777 1482 1815 generat
1498 1782 1619 1804 omnes
1636 1782 1715 1803 vere
1731 1771 1923 1805 credentes.
1975 1770 2042 1804 Sed
2063 1769 2144 1805 huic
2161 1773 2324 1809 multitu-

1341 1822 1417 1855 dini
1441 1827 1525 1854 sunt
1548 1821 1693 1854 admixti
1717 1820 1821 1854 multi
1844 1828 1984 1854 externa
2008 1822 2223 1864 professione
2238 1836 2324 1859 con-

1341 1873 1550 1911 sentientes,
1576 1872 1636 1904 sed
1662 1877 1778 1903 tamen
1802 1883 1873 1903 non
1898 1883 1977 1904 vere
2001 1871 2037 1904 in
2056 1873 2159 1906 corde
2177 1875 2323 1909 creden-

1341 1929 1401 1956 tes.
1435 1920 1482 1956 Et
1497 1921 1575 1956 talis
1590 1919 1745 1955 Ecclesia
1760 1927 1810 1954 est
1826 1921 1965 1964 alligata
1984 1933 2066 1955 suae
2085 1924 2323 1966 promissioni,

1341 1980 1373 2006 et
1391 1973 1428 2005 in
1444 1970 1508 2006 hac
1525 1972 1592 2005 fide
1607 1972 1748 2004 invocat
1765 1970 1898 2012 Deum,
1926 1972 2061 2006 etiamsi
2079 1973 2210 2008 interea
2229 1977 2323 2010 varie

1341 2030 1519 2057 exercetur
1541 2034 1659 2062 cruce,
1693 2021 1816 2066 Specie
1846 2029 1985 2056 externa
2009 2029 2059 2057 est
2086 2024 2231 2066 misera,
2267 2027 2324 2060 di-

1341 2085 1456 2119 spersa
1475 2074 1511 2105 in
1528 2073 1622 2106 varia
1641 2073 1797 2116 imperia.

1445 2123 1545 2157 Talis
1566 2124 1633 2157 suit
1657 2122 1812 2156 Ecclesia
1834 2121 2017 2161 Abrahae,
2045 2123 2126 2159 Sem
2151 2125 2218 2160 suit
2236 2125 2325 2173 Epi-

1341 2186 1476 2219 scopus,
1494 2181 1610 2218 postea
1628 2181 1659 2207 et
1679 2174 1750 2218 ipse
1764 2174 1800 2208 fn
1812 2172 2021 2222 Episcopus,
2039 2183 2071 2209 et
2089 2173 2218 2211 liabent
2233 2179 2325 2213 mul·

1341 2233 1394 2259 tos
1419 2225 1597 2259 auditores
1622 2225 1734 2257 bonos
1763 2231 1796 2258 et
1820 2237 1900 2258 vere
1925 2227 2122 2267 credentes,
2150 2235 2188 2262 ut
2213 2228 2324 2263 silium

1344 2276 1454 2314 Isaac,
1488 2276 1610 2309 Saram
1638 2282 1804 2315 matrem,
1835 2274 1944 2319 Agar,
1978 2274 2196 2313 Abimelech.
2254 2279 2324 2314 Sed

1340 2327 1447 2371 aliqui
1475 2327 1577 2360 etiam
1599 2333 1680 2359 sunt
1705 2323 1924 2371 hypocritae,
1952 2334 1988 2360 ut
2009 2328 2164 2362 fortassis
2183 2327 2327 2372 ismael,

1341 2385 1373 2411 et
1391 2384 1483 2410 certe
1504 2377 1632 2421 aliqui,
1660 2383 1698 2409 ut
1717 2383 1835 2423 postea
1858 2374 1964 2410 Esau.

1444 2427 1514 2461 lam
1548 2427 1679 2469 cogita,
1715 2427 1829 2470 qualis
1865 2423 1948 2460 haec
1981 2425 2136 2461 Ecclesia
2161 2426 2324 2463 Abrahae

1341 2478 1462 2516 suerit,
1495 2478 1616 2511 didicit
1646 2477 1792 2509 verbum
1821 2475 1906 2515 Dei,
1939 2485 1972 2512 et
1990 2478 2056 2511 fnlc-
2083 2479 2324 2524 promissionis

1342 2529 1482 2569 ognovit
1514 2527 1810 2563 misericordiam.
1845 2535 1875 2561 ct
1909 2528 1956 2561 sic
1988 2528 2162 2563 invocavit
2196 2528 2324 2565 Deum·

1343 2579 1415 2611 the
1441 2580 1507 2610 tide
1534 2578 1682 2621 placuit,
1710 2585 1748 2611 ut
1773 2578 1856 2612 dicit
1881 2585 2009 2614 textus:
2038 2579 2194 2614 Credidit
2211 2581 2324 2615 Abra·

1343 2628 1420 2662 imni
1439 2628 1514 2663 Deo
1532 2636 1594 2663 etc.

2362 1307 2381 1332 Ο

2401 1371 2409 1441 i

2391 2421 2409 2736 .
