2409 2915
115 57 210 94 1205
404 57 484 95 xn.
538 54 927 93 ANNOTA'I'IONES
952 54 1018 92 ΕΤ
1046 55 1325 94 COthoNEs
1353 59 1401 95 lN
1428 58 1610 97 EVANG.
1636 63 1845 103 lOANle.
2036 74 2132 109 1206

111 151 247 195 pectat,
282 145 341 178 sed
366 144 442 177 fidit
467 144 538 177 suis
562 143 727 188 operibus
743 141 799 189 2),
834 154 915 176 suae
941 144 1096 188 pruden-
1122 144 1125 181 ¹,
1150 145 1258 186 valet3
1293 142 1377 179 haec
1415 153 1465 181 est
1498 154 1613 182 autem
1644 151 1836 194 sapientia,
1870 154 2004 190 iusticia
2059 160 2129 194 vita

113 198 202 236 tiae,
226 202 259 229 et
284 195 328 228 ab
350 194 393 228 iis
415 195 552 240 quaerit
570 205 700 238 pacem.
754 194 875 238 ltaque
899 205 1012 239 neque
1029 195 1096 228 tale
1121 190 1124 246 ζ
1149 202 1299 232 aeterna.
1351 195 1479 230 Coram
1503 200 1637 233 mundo
1663 203 1876 246 crucifigitur
1893 213 1926 239 et
1944 185 2131 243 dam'natffl·

113 259 174 282 cor
204 245 316 280 Deum
347 246 465 286 novit,
507 244 681 289 siqnidem
714 245 990 278 misericordiam
1021 245 1095 280 eius
1121 248 1124 295 Ι
1149 243 1326 288 Christus,
1360 250 1419 281 sed
1452 261 1568 281 coram
1594 258 1689 293 patre
1711 253 1942 297 glorificatur,
1976 265 2014 292 ut
2039 266 2070 293 et
2095 272 2130 293 se

114 309 187 331 non
221 296 387 340 agnoscit.
455 295 501 329 At
532 295 595 329 ubi
629 307 689 328 cor
719 296 919 340 conceperit
948 296 1094 330 verbum
1120 296 1123 352 ε
1148 297 1302 331 sentiant
1326 304 1360 331 et
1376 300 1519 333 credant
1536 302 1662 341 sancti,
1698 304 1928 346 glorificatum
1948 308 1990 348 ‘ui
2009 322 2128 343 coram

113 346 265 388 Christi,
300 359 369 392 quo
398 352 535 395 peccata
571 347 820 387 remittuntur,
854 354 887 381 et
919 347 956 380 in
985 348 1094 380 verbo
1148 345 1241 389 Deo,
1274 349 1411 382 tametsi
1433 351 1556 383 mundi
1581 351 1711 386 iudicio
1736 355 1908 390 interiisse
1932 358 2128 395 videantur.

112 396 248 433 Christi
270 396 543 431 misericordiam
568 397 635 431 Dei
661 397 833 438 sentiscit,
867 398 915 430 ibi
940 398 1094 441 agnoscit
1148 396 1215 432 Sed
1237 406 1373 442 praeter
1389 397 1456 433 hoc
1474 401 1600 435 adiecit
1615 401 1789 439 Christus:
1819 406 1979 441 Gloriam
2024 423 2127 456 qnam

111 448 246 490 Deum,
273 454 425 492 expectat
442 448 485 480 ab
500 459 539 480 eo
557 448 696 488 omnia,
723 448 798 481 fidit
814 460 873 489 eo,
902 449 999 482 timet
1015 460 1093 482 eum
1148 445 1256 481 habui
1280 461 1395 483 coram
1420 457 1453 484 te
1480 451 1684 497 priusquam
1708 458 1861 490 mundns
1876 437 1998 495 fieren,
2045 461 2128 495 vult

112 500 246 540 solum,
271 499 395 543 gaudet
421 498 457 530 in
481 499 648 532 omnibus
663 499 736 532 eius
751 499 933 543 operibus,
964 506 996 533 et
1015 511 1094 544 per·
1148 499 1241 532 enim
1261 500 1448 543 glorificari
1465 513 1525 535 sua
1542 505 1692 537 naturali
1708 506 1837 548 gloria,
1866 509 1898 541 id
1919 517 1984 551 est,
2010 519 2048 545 nt
2065 524 2128 558 po-

111 551 221 585 mittit
250 552 322 584 eius
353 549 527 583 voluntati
552 561 613 593 per
637 550 765 583 omnia.
819 549 918 582 Talis
940 551 1093 594 cognitio
1120 546 1122 581 ¹]
1148 550 1255 584 tentia
1279 549 1364 590 Dei,
1393 564 1481 597 quae
1506 551 1592 585 mihi
1620 563 1744 589 natura
1768 564 1837 596 est,
1866 571 1986 594 rursus
2013 570 2126 597 exerat

111 602 184 645 ipsa
201 602 284 634 fides
300 607 367 640 est,
393 606 425 633 et
444 612 546 633 verus
565 599 628 634 Dei
648 600 769 634 cultus.
1147 611 1200 642 se3
1234 613 1330 635 nunc
1360 605 1453 635 enim
1486 603 1647 638 infirmus
1677 618 1766 641 sum.
1801 628 1852 633 ——-
1905 609 2129 647 Manifestavi

596 683 624 717 I
898 699 901 703 .
1147 664 1275 685 nomen
1295 660 1393 686 tuum
1410 651 1627 696 hominibus,
1654 657 1795 702 scilicet,
1822 660 1904 704 quia
1920 662 1993 695 solo
2010 661 2127 696 Evan-

187 683 239 719 Ut
266 690 485 730 ⁶⁰5⁷n⁰5⁶smt
511 689 562 727 ιε’
616 684 718 718 hum
740 683 858 718 ‘mlum
885 698 1016 720 ‘erum‘
1148 703 1237 746 gelio
1259 704 1501 738 manifestatur
1525 717 1652 739 nomen
1675 706 1738 741 Dei
1764 707 1978 745 hominihus.
2032 713 2130 747 Ouos

211 751 370 786 Hilarius
386 761 505 786 contra
516 753 669 786 Arianos
682 753 992 796 sicinterpretatur
1003 750 1094 785 hane
1148 752 1234 785 mihi
1252 755 1395 795 dedisti,
1422 755 1443 788 i.
1461 767 1488 791 e.
1506 768 1592 800 quos
1609 758 1739 801 elegisti
1757 769 1930 804 separatos
1946 775 1962 795 a
1982 745 2128 798 mundo.

108 804 338 843 sententiam,
366 811 404 836 ut
427 811 638 847 cognoscant
662 810 694 836 te
719 811 751 837 et
777 803 887 837 lesum
912 801 1092 837 Christum
1148 803 1343 837 Sermonen
1376 817 1512 846 meum,
1543 807 1576 839 id
1612 817 1680 847 est,
1714 808 1946 855 Evangelium
1970 825 2128 847 servm-e-

108 855 222 888 solum
246 864 319 886 esse
340 865 461 887 verum
480 853 604 889 Deum.
660 852 752 887 Mihi
771 855 909 887 videtur
924 854 1092 897 simplici·
1148 861 1249 895 runt,
1284 855 1415 889 scilicet
1445 855 1515 895 illi,
1550 859 1610 902 qui
1642 871 1659 891 a
1691 862 1826 895 mundo
1856 864 2004 905 separati
2037 873 2129 901 sunt.

107 912 161 938 ter
189 904 327 937 locutus
356 916 428 937 esse
451 903 487 937 in
515 903 604 938 hanc
631 906 857 938 senteutiam:
895 904 938 938 Ut
963 910 1091 947 cog'no-
1147 903 1300 948 Omnia,
1336 917 1424 951 quae
1449 907 1575 940 dedisti
1601 907 1689 942 mihi
1715 911 1776 944 abs
1801 919 1832 945 te
1857 920 1949 947 sunt.
2010 914 2128 948 Evan-

106 961 222 995 scant,
255 961 288 987 te
321 955 434 988 solum
466 968 537 988 esse
570 968 690 988 verum
721 955 856 995 Deum,
890 963 923 988 te
953 955 1093 995 scilicet,
1147 956 1297 999 gelium‚
1341 958 1434 1002 quod
1467 959 1649 1001 praedico,
1685 962 1829 995 verbum
1865 970 1964 997 tuum
1997 972 2047 999 est
2067 973 2129 1001 etc.

106 1006 167 1051 qui
199 1012 297 1048 pater
329 1018 383 1046 es,
418 1007 508 1039 filius
542 1014 573 1040 et
598 1006 752 1050 Spiritus
778 1015 926 1040 sanctus.
985 1005 1029 1038 Et
1056 1013 1093 1039 ut
1147 1006 1396 1049 cognoverunt
1431 1020 1528 1049 vore,
1578 1010 1611 1042 id
1645 1018 1711 1051 est,
1753 1013 1979 1049 crediderunt
2009 1017 2129 1056 verbo,

107 1063 318 1100 cognoscant
344 1055 456 1089 lesum
480 1055 681 1097 Christum,
715 1058 749 1089 id
775 1064 839 1097 est,
872 1063 1093 1099 cognoscant,
1147 1055 1326 1091 Christum
1349 1070 1420 1091 esse
1440 1059 1585 1093 missum
1604 1062 1644 1094 ad
1665 1063 1933 1105 praedicandam
1952 1067 2129 1100 remissio-

106 1108 192 1152 quid
226 1107 379 1148 venerit,
419 1120 480 1140 cur
512 1119 631 1151 passus
663 1109 727 1149 sit,
761 1120 823 1141 cur
854 1107 1091 1141 resurrexerit.
1147 1120 1226 1141 nem
1246 1116 1478 1152 peccatorum,

106 1158 165 1193 Sic
182 1158 275 1191 enim
294 1160 517 1201 cognoscitur
535 1157 712 1199 Christus,
741 1171 810 1203 quo
828 1159 968 1198 cognito
988 1158 1092 1190 mise-

105 1207 330 1242 ricordiaDei
348 1210 508 1244 sentitur.
544 1209 678 1242 Eodem
692 1210 872 1242 reserenda
886 1216 979 1249 sunt,
1005 1220 1092 1253 quae

105 1272 208 1304 supra
227 1260 328 1293 dixit:
357 1260 469 1293 Nemo
490 1261 585 1294 venit
601 1262 642 1293 ad
663 1268 795 1304 patrem
813 1260 879 1292 nisi
898 1271 960 1303 per
977 1270 1041 1292 me.

1269 1190 1357 1227 Non
1378 1205 1446 1240 pro
1471 1192 1609 1228 mundo
1634 1207 1738 1241 rogo,
1764 1196 1835 1233 sed
1851 1211 1919 1246 pro
1946 1200 2005 1236 iis.

1250 1260 1340 1293 Vide
1357 1258 1573 1294 horrendum
1592 1264 1762 1297 iudicium
1775 1264 1907 1301 Christi
1927 1269 1969 1301 ‹le
1986 1271 2132 1307 mundo,

1147 1323 1224 1344 cum
1248 1318 1350 1354 negat
1367 1323 1402 1344 se
1421 1324 1522 1345 orare
1541 1325 1602 1356 pro
1621 1315 1771 1355 nzundo,
1800 1318 2015 1364 damnatque
2033 1321 2131 1364 quir-

1147 1361 1232 1405 quid
1253 1369 1302 1395 est
1320 1363 1464 1401 mundi,
1491 1366 1718 1407 quantumvis
1736 1369 1942 1409 speciosum.
1997 1370 2133 1403 Deinde

1147 1418 1280 1454 separat
1305 1422 1323 1444 a
1351 1413 1484 1444 mundo
1505 1424 1566 1456 pro
1585 1414 1713 1457 quilius
1731 1424 1826 1458 orat,
1856 1431 1980 1463 nempe
1998 1421 2134 1460 clectoS,

259 1343 346 1390 Ego
370 1350 401 1378 te
428 1342 628 1388 clarg'ficari
653 1356 761 1391 super
786 1349 932 1381 terram,

104 1413 138 1445 id
178 1419 247 1448 est,
293 1412 406 1455 palam
443 1411 507 1443 feci
544 1412 690 1454 gloriam
726 1417 822 1444 tuam
857 1409 1091 1453 praedicando

104 1462 355 1503 Evangelium,
392 1474 461 1505 quo
497 1462 672 1494 revelatur
702 1461 812 1502 gloria
840 1461 967 1504 patriS,
1004 1460 1092 1492 sicut
1147 1463 1317 1506 docetque
1347 1473 1382 1495 se
1415 1463 1494 1495 ideo
1527 1476 1645 1505 orare,
1686 1466 1768 1510 quia
1795 1469 1894 1501 electi
1928 1477 2019 1503 sum,
2073 1471 2131 1505 1351

104 1512 226 1545 Esaiae
243 1511 333 1545 XL.:
361 1511 592 1546 Revelabitur
616 1512 726 1553 gloria
747 1511 881 1543 domini
901 1517 982 1550 etc„
1011 1509 1092 1554 quia
1147 1519 1261 1544 autem
1293 1513 1333 1544 ad
1363 1511 1457 1545 hunc
1482 1514 1597 1546 locum
1624 1516 1804 1550 reserenda
1830 1521 2060 1561 conscicntia,
2096 1530 2130 1555 ut

102 1562 297 1604 Evangelio
329 1564 517 1595 damnatur
546 1562 681 1595 iusticia
715 1569 745 1594 et
768 1561 941 1605 sapientia
967 1561 1093 1601 carnis,
1148 1561 1301 1596 confidat
1326 1560 1457 1596 Christi
1481 1565 1643 1600 orationi.
1713 1567 1826 1611 Supra
1852 1582 1915 1614 pro
1939 1583 1973 1604 se
1998 1574 2133 1615 rogavit

104 1622 136 1648 et
167 1614 279 1656 palam
305 1613 359 1652 fit,
388 1613 559 1646 iusticiam
585 1613 700 1645 carnis
726 1624 797 1645 esse
817 1612 1092 1651 simulationem,
1119 1653 1122 1660 ὁ
1147 1611 1329 1653 Christus3
1365 1611 1420 1646 hic
1452 1627 1514 1658 pro
1545 1617 1728 1657 omnibus,
1762 1620 1821 1664 qui
1844 1622 2009 1655 credituri
2035 1630 2133 1656 pram

103 1665 236 1698 cultum
268 1663 332 1697 Dei
368 1663 542 1696 carnalem
577 1675 712 1696 merum
748 1675 819 1695 esse
857 1663 1091 1700 mendacium,
1147 1666 1188 1697 ad
1213 1664 1315 1696 finem
1343 1676 1452 1709 usque
1477 1667 1622 1706 muudi,
1651 1668 1737 1702 sicut
1758 1679 1874 1713 postea
1893 1673 2024 1716 inquit:
2053 1673 2131 1705 No„

103 1716 313 1764 sapientiam
338 1716 451 1748 carnis
476 1726 547 1748 esso
574 1714 830 1757 ignorationem
855 1712 932 1748 Dei.
988 1713 1092 1746 Prae·
1148 1727 1211 1759 pro
1238 1715 1286 1747 eis
1306 1722 1441 1748 tantum
1461 1728 1563 1760 rogo,
1590 1720 1647 1750 sed
1667 1727 1697 1752 et
1715 1733 1779 1764 pro
1797 1722 1858 1762 iis,
1887 1724 1946 1768 qui
1966 1725 2132 1757 credituri

103 1775 197 1801 terea
231 1768 386 1799 donatur
413 1764 609 1809 Evangelio
642 1766 810 1801 verbum,
842 1765 877 1797 in
909 1777 978 1809 quo
1013 1776 1091 1797 vere
1147 1773 1228 1799 suut
1246 1767 1351 1798 verbo
1368 1779 1457 1800 meo.
1504 1768 1619 1813 Atque
1639 1767 1703 1802 hoc
1720 1778 1767 1804 est
1785 1773 2134 1807 sacerdotinmChri-

103 1818 327 1860 cognoscitur
362 1817 498 1850 iusticia
526 1815 609 1854 Dei,
645 1829 714 1861 quo
750 1827 829 1848 vere
854 1816 1092 1848 iustificamur.
1148 1818 1208 1855 sti.
1237 1829 1298 1860 per
1314 1818 1407 1862 quod
1426 1816 1594 1852 hahemus
1610 1832 1783 1854 accessum
1803 1825 1844 1856 ad
1865 1831 2007 1868 patrem.
2062 1825 2131 1858 Do-

103 1869 285 1903 Glorificat
316 1869 396 1902 item
422 1875 576 1912 patrem,
605 1868 696 1912 quod
723 1867 752 1899 ei
777 1866 925 1909 gloriam
951 1878 1091 1899 omnem
1148 1875 1199 1901 cet
1227 1875 1342 1900 antem
1369 1875 1400 1901 ct
1429 1866 1512 1902 haec
1537 1868 1726 1911 sententia,
1755 1877 1933 1918 quomodo
1959 1878 1999 1908 sit
2023 1877 2132 1909 inter-

103 1920 251 1961 tribuit,
287 1931 359 1951 non
383 1930 558 1961 usurpans
581 1919 648 1961 sibi
670 1917 877 1962 sapientiam
906 1925 963 1950 aut
987 1917 1092 1950 sorti—
1152 1919 1319 1962 pretanda
1344 1919 1407 1952 ista
1427 1918 1592 1953 Paulina:
1622 1923 1719 1955 Deus
1746 1925 1818 1958 vult
1838 1938 1958 1959 omnes
1976 1925 2133 1959 hominvs

103 1971 282 2010 tudinem,
315 1982 382 2014 qua
414 1969 606 2002 vindicaret
635 1981 692 2011 se,
725 1970 782 2002 sed
807 1968 1014 2010 simpliciter
1038 1979 1092 2001 re—
1148 1970 1261 2001 salvos
1286 1969 1371 2001 fieri.
1403 1989 1453 1994 —
1508 1970 1587 2004 Mea
1615 1974 1732 2005 omnia
1758 1982 1814 2007 tua
1838 1984 1937 2014 snm,
1967 1977 1984 2009 ἰ,
2005 1990 2030 2009 (ι,
2057 1979 2132 2009 idn..

103 2021 254 2063 signavit
279 2021 368 2064 patri
397 2031 431 2052 se
457 2027 485 2052 et
513 2020 631 2052 omnia
658 2031 736 2059 sua,
777 2027 961 2062 expectans
985 2019 1092 2061 glori-
1148 2027 1343 2054 servantur.
1397 2020 1438 2054 lit
1466 2029 1522 2054 tua
1552 2034 1625 2055 mea
1650 2032 1748 2065 sunt,
1783 2027 1855 2060 scil.
1883 2027 1960 2059 ideo
1985 2029 2132 2071 impetro

104 2072 301 2105 ficationem
319 2083 391 2103 non
410 2083 427 2103 a
447 2071 518 2103 suis
534 2071 650 2109 donis,
671 2072 729 2102 sed
749 2082 765 2102 a
780 2070 960 2102 voluntate
973 2071 1093 2113 μευ-ιε,
1148 2072 1241 2116 quod
1263 2082 1358 2114 rogo.
1412 2070 1456 2105 Et
1475 2073 1688 2114 glorificatus
1706 2087 1781 2108 sum
1802 2077 1836 2109 in
1856 2079 1921 2119 eis,
1950 2078 1970 2110 i.
1990 2091 2017 2111 e.
2037 2080 2133 2119 agni-

103 2123 163 2168 qui
184 2123 291 2156 dixit:
320 2119 411 2155 Mihi
434 2121 600 2155 vindicta.
626 2140 676 2146 -—
729 2118 832 2164 Opus
850 2120 1091 2153 consummavi
1148 2129 1203 2155 tus
1223 2133 1318 2162 sum,
1347 2123 1493 2156 credunt
1514 2122 1612 2156 mihi.
1825 2131 1827 2134 '

104 2175 196 2219 quod
226 2173 353 2206 dedisti
379 2169 465 2204 mihi
491 2179 528 2205 ιιι
551 2172 696 2211 faciam3
731 2183 794 2218 per
819 2168 885 2203 hoc
910 2171 1092 2213 significat,
1118 2073 1123 2243 ι

104 2233 137 2259 et
159 2226 307 2257 verbnm
331 2236 349 2256 a
367 2222 441 2256 Deo
463 2235 553 2261 esse,
582 2230 613 2256 et
634 2224 799 2255 mandato
818 2221 881 2254 D··i
901 2223 969 2266 pati
989 2219 1092 2255 Chri-

104 2284 206 2310 stum.
269 2273 311 2308 Et
338 2286 432 2307 nunc
457 2275 603 2307 clarifica
629 2281 665 2307 tu
690 2286 760 2315 me,
791 2273 824 2305 id
853 2281 918 2312 est,
948 2274 1092 2306 resusci-
1119 2248 1122 2318 l

104 2336 136 2361 la
157 2340 221 2360 me.

1343 2205 1396 2240 Iit
1423 2207 1497 2240 ium
1521 2220 1591 2241 non
1616 2221 1695 2242 sum
1722 2210 1758 2243 in
1787 2211 1934 2252 mundo,

1147 2281 1183 2307 ut
1211 2274 1338 2307 scilicet
1368 2276 1496 2318 possim
1525 2290 1581 2308 cns
1603 2280 1775 2321 corporali
1799 2281 1992 2323 praesentia
2011 2294 2132 2313 ‹nnso-

1147 2325 1213 2358 lari
1237 2332 1267 2357 et
1294 2327 1511 2360 confirmare.
1567 2327 1607 2361 l‘Jt
1633 2329 1666 2359 in
1696 2333 1829 2363 mundo
1853 2340 1953 2369 suut,
1982 2331 2002 2365 i.
2020 2344 2046 2366 c.
2069 2333 2131 2364 soli

1146 2384 1240 2410 suut.
1295 2375 1370 2418 Ego
1395 2378 1436 2409 ad
1466 2384 1498 2410 te
1524 2378 1644 2415 venio,
1684 2380 1704 2413 i.
1731 2393 1756 2413 e,
1783 2389 1819 2414 ut
1847 2382 2029 2423 glorificer.
2091 2380 2130 2415 Et

172 2405 410 2450 Clasll‘uem'
444 2422 554 2457 ‘luam
579 2406 696 2442 ‘’alu“
719 2421 937 2455 pr¹¹¹5‘l'¹‘²''¹
962 2413 1022 2444 ess·
1148 2427 1228 2472 quia
1246 2427 1423 2470 glorificor
1442 2428 1529 2472 ipse,
1557 2431 1792 2464 servabuntur
1811 2439 1838 2464 et
1860 2433 2022 2475 discipuli
2044 2434 2121 2465 mei.

210 2478 410 2513 Gloriflcari
442 2478 515 2511 vult
548 2475 707 2511 Christus
732 2478 823 2520 apud
851 2484 1004 2520 patrem,
1039 2477 1091 2509 vel
1119 2508 1121 2519 Α

106 2543 222 2565 coram
248 2537 363 2574 patre,
393 2529 427 2561 id
449 2536 518 2569 est,
542 2541 578 2562 ea
599 2529 727 2572 gloria,
757 2540 843 2572 qnae
863 2540 978 2561 coram
998 2535 1092 2572 patre
1117 2522 1122 2581 l

1117 2583 1121 2639 Ι
1147 2581 1180 2636 id
1199 2588 1263 2618 est,
1292 2582 1444 2622 potenti-‘s
1466 2583 1618 2615 nominis
1639 2584 1697 2621 tui,
1727 2585 1809 2616 snut
1832 2585 1918 2618 l‘s‘sl⁴
1935 2584 2004 2618 IV:
2031 2586 2132 2623 Duos,

139 2649 170 2677 2)
191 2651 276 2673 secet·
306 2647 412 2676 tutibus.
1118 2649 1119 2659 ¹
1149 2644 1182 2673 μ’
1210 2631 1351 2663 ''muln‘'
1374 2630 1434 2663 Dl'l
1463 2633 1595 2664 salvum
1626 2647 1678 2666 HN*
1704 2638 1772 2671 [Μ’.
1803 2644 1831 2669 Ν
1862 2637 1895 2669 ln
1926 2638 2051 2670 *irltule‘
2078 2647 2131 2670 ιιιι

1444 2682 1490 2716 76
1508 2682 1520 2696 ⁶

1222 2509 1333 2544 Pater
1355 2517 1497 2553 sancte,
1531 2525 1634 2546 sena
1658 2526 1714 2547 cos
1741 2515 1777 2547 ιή
1805 2517 1948 2550 nomine
1972 2530 2057 2556 mco,
