2409 2915
114 112 184 150 153
669 110 735 146 xl.

499 193 638 249 Caput
665 196 698 236 Ι.

158 285 202 325 V
200 287 285 372 erbla
306 285 553 322 Ecclesiastae
565 283 651 331 filii
672 283 808 319 David
831 286 926 332 regis
950 285 1085 320 Hieru-

205 351 249 373 sa
270 351 334 372 em.

183 413 224 447 In
240 412 342 447 titulo
360 410 520 444 nominat
535 422 570 443 se
588 410 756 444 Salomon
777 417 808 444 et
818 409 952 454 Regem
972 417 1004 444 et
1016 409 1084 444 Ec-

105 466 305 502 clesiasten,
333 463 369 495 id
394 468 461 502 est,
490 461 807 499 Conciouatorem,
835 473 902 506 qua
929 461 1081 505 appella-

104 517 198 550 tione
225 513 396 556 significat
418 513 460 545 ad
491 513 644 545 officium
671 512 871 558 principum
898 514 1082 556 pertinere,

102 573 140 600 ut
162 570 285 598 curent
311 569 401 596 recte
423 563 541 596 doceri
558 561 750 603 Ecclesias,
776 562 863 595 sicut
889 563 925 595 in
945 562 1081 596 Psalmo

102 615 249 649 dicitur:
283 613 331 647 Et
355 625 451 646 nunc
476 625 573 657 reges
598 614 792 657 intelligite.
847 611 952 645 Item:
987 613 1083 657 Ape-

101 666 167 700 rite
190 670 307 713 portas
329 664 505 711 principes
528 671 672 699 vestras.
738 664 842 697 Item:
882 664 918 696 in
952 676 1080 696 couve-

100 717 233 749 niendo
265 715 414 759 populos
444 722 476 748 et
507 726 601 757 reges
631 716 667 747 in
694 727 823 755 unum,
857 721 895 748 ut
926 714 1081 747 serviant

99 765 269 800 Domino.
330 764 435 798 Hunc
459 766 596 798 dulcem
622 766 832 799 versiculum
859 777 959 809 saepe
985 765 1079 807 cogi-

99 824 173 851 tare
186 817 369 861 oportebat
386 823 418 850 et
435 816 612 859 principes
630 824 662 851 et
680 817 846 860 populos,
874 816 954 860 quia
974 815 1079 849 utris-

99 880 166 913 que
191 867 408 915 praecipitur
432 874 469 899 ut
495 868 727 906 conveniant,
757 868 791 900 id
817 874 885 906 est,
914 872 1079 899 tueantur

98 929 320 952 communem
340 917 646 960 congregationem
671 925 703 951 et
727 917 961 951 ministerium
985 917 1078 949 vocis

96 969 256 1008 divinae,
273 975 305 1002 et
322 968 458 1001 discant
477 980 593 1001 veram
613 969 809 1001 doctrinam
822 995 831 1009 ,
848 975 880 1001 et
897 979 978 1000 vero
993 979 1078 999 con-

97 1030 201 1052 sensu
224 1019 337 1052 Deum
366 1019 549 1059 invocent,
586 1026 618 1052 et
644 1020 841 1053 doctrinam
875 1029 1077 1051 conservare

95 1071 269 1103 studeant.
323 1068 439 1102 Huius
465 1076 579 1102 autem
605 1070 653 1113 pii
680 1080 870 1103 consensus
895 1079 992 1111 reges
1015 1069 1076 1101 de-

97 1121 180 1153 bent
205 1132 278 1153 esse
294 1120 398 1153 duces
421 1127 451 1152 et
472 1126 619 1154 autores.
677 1121 759 1153 ldeo
776 1118 832 1153 hic
853 1131 993 1164 quoque
1012 1118 1073 1152 Sa-

95 1170 217 1204 lomon
243 1182 278 1203 se
294 1169 587 1204 Concionatorem
613 1172 792 1210 nominat,
819 1170 1018 1213 significans
1041 1181 1076 1202 se

94 1221 185 1254 velle
208 1228 367 1254 autorem
396 1232 468 1253 esse
495 1221 543 1263 pii
567 1233 757 1255 cousensus
781 1222 818 1254 in
838 1220 1016 1261 Ecclesia,
1043 1227 1074 1253 et

94 1272 274 1305 custodem
292 1283 391 1305 verae
407 1271 597 1304 doctrinae.

147 1362 312 1399 Vanitas
337 1362 544 1396 vanitatum
569 1369 600 1397 et
627 1363 751 1396 omnia
785 1362 950 1403 vanitas,
985 1361 1078 1410 quid

193 1411 302 1447 habet
327 1411 436 1448 homo
455 1417 615 1460 amplius
630 1412 672 1448 de
695 1413 820 1448 labore
836 1427 902 1447 suo
919 1426 989 1461 quo
1015 1412 1074 1447 la-

192 1464 298 1498 boral
314 1464 382 1498 sub
401 1464 497 1500 Sole.

202 1539 309 1574 Initio
333 1540 432 1584 ponit
449 1540 683 1573 obiectionem
708 1546 827 1572 contra
846 1539 1072 1573 asseveratio-

89 1602 168 1623 nem
185 1591 228 1624 de
244 1592 484 1634 providentia,
513 1591 610 1634 quasi
628 1590 719 1623 dicat
731 1617 739 1630 ,
767 1602 855 1634 quae
872 1597 983 1633 potest
1000 1602 1072 1623 esse

90 1641 331 1683 providentia,
363 1653 443 1674 cum
474 1642 612 1674 labores
649 1638 833 1673 hominum
862 1641 993 1682 pariter
1017 1641 1071 1673 vel

92 1691 182 1723 irriti
202 1691 257 1723 vel
275 1691 431 1724 infelices
447 1691 518 1724 sint
535 1692 709 1723 bonorum
727 1697 760 1723 et
779 1690 963 1725 malorum.
991 1690 1070 1723 Non

90 1741 183 1774 enim
201 1741 360 1786 loquitur
374 1741 544 1774 Salomon
563 1742 606 1773 de
623 1741 726 1773 rebus
743 1741 826 1783 ipsis
851 1752 869 1772 a
890 1741 964 1773 Deo
987 1753 1071 1773 con-

89 1791 173 1824 ditis
207 1798 239 1824 et
271 1792 496 1824 manentibus
531 1792 566 1823 in
604 1803 667 1823 suo
705 1791 851 1827 ordine,
888 1803 965 1823 cum
1002 1792 1068 1825 ait:

88 1839 222 1874 Omnia
241 1847 323 1874 sunt
341 1841 487 1875 vanitas.
542 1840 611 1874 Sed
629 1842 671 1873 de
695 1841 860 1873 humanis
878 1841 1070 1882 labet-ibim,

86 1892 251 1925 videlicet
275 1891 450 1931 consiliis,
482 1891 668 1925 affectibus
693 1900 727 1925 et
750 1891 954 1931 conatibus,
990 1892 1068 1924 ideo

87 1942 283 1989 expressius
307 1942 441 1987 inquit:
478 1942 574 1984 Quid
602 1939 709 1975 homo
737 1942 894 1974 lucratur
923 1953 985 1974 suo
1017 1943 1068 1975 la-

87 1993 183 2028 bore.
235 1994 338 2026 Item:
367 1992 448 2035 Quo
465 1993 601 2026 laborat
618 1993 682 2026 sub
702 1992 796 2027 Sole.

193 2051 422 2097 Nequaquam
461 2052 567 2094 igitur
601 2048 871 2095 comprehendit
902 2052 1068 2085 vanitatis

88 2102 324 2149 appellatione
348 2101 480 2141 Deum,
520 2103 668 2136 verbum
704 2101 769 2134 Dei
805 2109 837 2136 et
871 2103 1067 2136 ministeria

85 2159 257 2198 quatenus
275 2159 446 2196 reguntur
464 2154 572 2186 verbo
589 2152 673 2193 Dei,
698 2165 761 2185 nec
785 2160 959 2186 creaturas
977 2154 1068 2196 ipsas

84 2215 103 2236 a
121 2201 196 2236 Deo
215 2204 384 2237 conditas.
440 2203 528 2236 Nam
551 2205 735 2237 retinenda
760 2211 810 2237 est
825 2204 995 2237 sententia
1013 2205 1067 2236 di-

84 2254 132 2288 cti
149 2254 186 2286 in
204 2252 353 2288 Genesi:
383 2252 483 2286 Vidit
502 2253 597 2287 Deus
612 2255 730 2286 omnia
748 2255 893 2296 fecerat,
920 2261 953 2288 et
969 2262 1067 2288 erant

83 2304 186 2338 valde
211 2305 314 2339 bona.
366 2303 434 2338 Sed
463 2304 622 2349 loquitur
645 2302 710 2337 hoc
736 2305 811 2337 loco
837 2305 1005 2339 Salomon
1024 2306 1066 2338 de

82 2355 266 2389 laboribus
299 2355 364 2388 sub
391 2354 492 2393 Sole,
531 2355 563 2387 id
591 2362 661 2395 est,
697 2355 734 2387 in
766 2352 830 2388 hac
858 2367 1064 2389 aerumnosa

82 2404 268 2440 hominum
286 2406 375 2444 vita,
403 2406 440 2438 in
458 2418 524 2450 qua
545 2403 707 2439 homines
724 2412 784 2439 aut
807 2413 925 2439 errant
949 2407 1066 2439 consi-

81 2457 140 2490 liis
164 2463 198 2490 et
223 2456 426 2498 affectibus,
461 2463 495 2490 et
520 2457 629 2490 multa
654 2457 781 2490 frustra
807 2464 1000 2497 conantur,
1033 2464 1065 2491 et

19 2503 44 2539 ζ-
82 2507 240 2541 miserias
258 2507 451 2547 cumulant,
479 2507 567 2541 sicut
585 2508 622 2540 in
642 2507 759 2540 sabula
777 2507 908 2541 dicitur
924 2508 966 2540 de
983 2508 1064 2541 Asi-

81 2569 148 2598 no,
175 2559 219 2591 de
235 2570 306 2603 quo
323 2564 406 2591 sunt
426 2570 562 2591 versus:

164 2626 210 2654 Sis
231 2625 327 2654 asinus
346 2633 549 2663 quemcunque
570 2627 684 2654 asinum
707 2636 768 2654 sors
792 2634 895 2663 aspera
917 2624 1002 2655 fecit:

251 2676 307 2709 Qui
329 2676 444 2714 placide
462 2681 570 2705 sortem
593 2676 673 2705 serre
695 2677 758 2713 scit,
780 2676 830 2704 ille
844 2677 935 2713 sapit:

787 108 1088 146 ENARRATIO
1117 109 1166 144 IN
1191 107 1565 150 ECCLESIASTEN.

2046 119 2115 155 154

1140 194 1213 228 Aut
1236 195 1339 229 bonis
1363 197 1466 229 rebus
1490 204 1523 230 et
1547 198 1753 233 ministeriis
1777 200 1909 234 divinis
1941 203 2115 238 inutiliter

1139 245 1330 279 miscentur
1360 244 1514 280 humana
1548 249 1693 283 consilia
1723 257 1756 284 et
1787 248 1934 285 humani
1961 253 2115 290 affectus.

1139 295 1186 330 Ut
1203 296 1314 328 bonae
1339 308 1392 329 res
1411 304 1491 330 sunt
1510 310 1673 341 quaerere
1698 301 1846 342 victum,
1872 314 1989 346 regere
2012 317 2115 338 oeco-

1137 347 1294 389 nomias,
1320 348 1477 390 politias,
1504 347 1694 390 Eoelesias,
1722 358 1838 385 tamen
1863 361 2033 398 quantum
2060 356 2115 388 in—

1137 397 1279 430 utilium
1304 409 1467 431 curarum
1493 405 1524 431 et
1548 400 1720 433 malorum
1751 402 1937 437 affectuum
1966 405 2116 440 miscent

1137 444 1306 480 homines.
1346 447 1431 482 Saul
1450 456 1596 483 conatur
1614 452 1794 484 traducere
1812 464 1957 495 regnum
1974 457 2017 489 ad
2034 468 2115 490 suos

1109 521 1110 527 1
1137 505 1304 541 posteros,
1338 497 1453 532 David
1472 507 1585 542 sperat
1601 512 1635 533 se
1650 513 1796 544 regnum
1813 504 2024 538 traditurum
2042 519 2114 541 esse

1136 548 1321 582 Absaloni.
1374 549 1448 582 Hae
1467 551 1695 593 cogitationes
1712 552 1816 596 longe
1831 565 1929 588 secus
1947 557 2087 592 cadunt.

1236 599 1354 632 Multo
1379 600 1487 643 magis
1511 601 1684 636 falluntur
1706 615 1783 651 spes
1816 614 1849 637 et
1872 605 2018 640 consilia
2048 607 2114 640 im-

1135 649 1274 693 piorum
1300 661 1500 695 quanquam
1529 653 1702 699 speciosa,
1729 661 1767 687 ut
1781 653 1991 699 Pompeius,
2015 656 2115 698 Cato,

1136 699 1343 740 Marcellus,
1370 708 1509 745 sperant
1529 703 1708 736 victoriam
1726 704 1762 737 in
1779 717 1882 739 causa
1900 705 1954 751 (ut
1972 707 2113 754 putant)

1135 750 1243 790 iusta,
1279 751 1370 784 sicut
1392 752 1532 785 dicunt:
1567 752 1678 787 Causa
1704 754 1800 789 iubet
1822 768 1967 800 superos
1989 759 2114 792 melior

1133 812 1271 844 sperare
1289 803 1473 837 secundos.
1507 802 1638 836 Brutus
1655 811 1688 837 et
1705 803 1844 838 Cassius
1862 808 2031 850 cogitant,
2056 810 2113 842 in-

1133 852 1275 885 terfecto
1298 850 1443 886 Caesare
1469 861 1618 886 veterem
1645 855 1793 888 formam
1818 855 1972 901 Reipub.
1999 871 2034 892 se
2057 860 2113 892 in-

1132 908 1348 935 stauraturus
1372 915 1455 938 esse.
1511 903 1689 939 Antonius
1715 907 1859 949 cogitat,
1887 919 1921 941 se
1947 921 2112 953 oppresso

1132 953 1293 995 Augusto
1312 952 1538 988 monarcham
1555 955 1641 990 fore.
1693 955 1853 1002 Denique
1871 959 1913 991 de
1930 959 2039 993 irritis
2055 973 2113 994 co-

1132 1003 1274 1036 natibus
1295 1001 1482 1037 hominum
1501 1006 1700 1048 saepissime
1716 1008 1868 1041 citantur
1886 1010 1994 1044 dicta:
2022 1008 2112 1046 Mo}-

1131 1066 1225 1087 ταιοι
1256 1050 1397 1097 μάταια
1424 1053 1632 1102 λογίζονται
1659 1054 1709 1091 δι’
1739 1057 1950 1103 ἐπιθυλιιίας.
2004 1060 2109 1096 Item:

1131 1104 1210 1137 Scio
1236 1103 1391 1138 Domine
1416 1118 1488 1138 non
1521 1114 1569 1140 est
1597 1106 1751 1140 hominis
1779 1109 1833 1142 via
1868 1111 1958 1151 eius,
1986 1111 2021 1145 id
2049 1120 2110 1152 est,

1131 1155 1216 1187 solis
1234 1153 1397 1188 humanis
1413 1157 1569 1190 consiliis
1588 1165 1619 1191 et
1638 1158 1772 1191 viribus
1788 1160 1887 1194 nulla
1904 1163 2042 1196 vocatio
2060 1164 2111 1196 fe-

1131 1205 1178 1237 lix
1211 1212 1273 1239 est.
1336 1205 1441 1239 Item:
1466 1206 1540 1240 Nisi
1574 1206 1749 1242 Dominus
1783 1211 2016 1248 aedificaverit
2047 1215 2112 1247 do-

1129 1267 1243 1294 mum,
1262 1256 1389 1289 frustra
1409 1258 1542 1291 laborat
1559 1259 1620 1302 qui
1637 1260 1870 1296 aedificaverit
1890 1274 1975 1297 eam.
2005 1262 2110 1297 Item:

1131 1303 1252 1344 οὐδεὶς
1275 1303 1492 1352 ἀνθρώπων
1516 1307 1614 1343 ἐστὶν
1638 1307 1785 1345 ἅπαντα
1815 1310 1941 1359 σοφὸς.
2004 1313 2109 1348 Item:

1129 1355 1208 1389 Heu
1233 1365 1372 1400 pectora
1398 1366 1569 1402 quantum
1595 1372 1717 1393 coecae
1746 1363 1860 1395 noctis
1885 1361 2026 1400 habent.
2065 1364 2111 1399 Et

1128 1407 1220 1440 infra
1251 1408 1287 1440 in
1313 1405 1379 1441 hoc
1405 1409 1517 1443 libro:
1556 1409 1753 1444 Stultorum
1782 1413 1942 1447 infinitus
1968 1421 2018 1448 est
2041 1427 2110 1449 nu-

1127 1469 1257 1492 meruS.

1232 1507 1320 1542 Inde
1338 1510 1446 1553 igitur
1463 1518 1772 1554 argumentantur,
1800 1525 1878 1546 cum
1897 1521 2014 1550 tantae
2040 1518 2110 1552 sint

1126 1559 1367 1601 confusiones,
1396 1562 1496 1605 impii
1515 1562 1754 1604 dominentur,
1784 1564 1832 1608 pii
1851 1567 2109 1612 opprimantur,

1127 1610 1216 1642 iusta
1242 1612 1386 1643 consilia
1411 1612 1668 1655 impediantur,
1697 1626 1786 1658 quae
1803 1622 1917 1658 potest
1936 1629 2007 1651 esse
2026 1631 2108 1662 pro-

1127 1660 1294 1693 videntia.
1363 1661 1456 1694 Huic
1490 1663 1680 1695 obiectioni
1722 1672 1838 1707 postea
1872 1670 2108 1710 respondebo.

1129 1709 1201 1741 lmo
1218 1711 1351 1755 inquit:
1368 1712 1537 1756 Sequitur
1556 1712 1738 1753 iudicium,
1757 1714 1892 1748 etiamsi
1913 1729 2006 1751 nunc
2023 1732 2107 1752 con-

1126 1759 1216 1792 fusio
1234 1762 1370 1794 ordiuis
1387 1774 1458 1794 esse
1482 1763 1639 1801 videtur,
1667 1764 1745 1797 ideo
1766 1767 1939 1800 mandatis
1956 1768 2025 1802 Dei
2043 1771 2107 1803 ob·

1126 1816 1338 1852 temperato,
1367 1819 1398 1845 et
1424 1813 1510 1845 scias
1532 1825 1603 1845 non
1627 1826 1749 1846 omnes
1774 1815 1911 1850 labores
1936 1818 1972 1851 in
2000 1820 2106 1853 mini-

1124 1861 1237 1893 steriis
1256 1862 1388 1895 divinis
1405 1863 1522 1895 irritos
1540 1864 1622 1897 sore.
1658 1863 1756 1897 Sicut
1780 1872 1813 1898 et
1828 1866 1957 1901 Paulus
1974 1870 2106 1915 inquit:

1125 1910 1205 1943 Non
1223 1912 1289 1945 erit
1305 1912 1406 1945 labor
1423 1920 1535 1947 vester
1554 1914 1669 1947 inanis
1685 1915 1720 1947 in
1739 1913 1904 1952 Domino.

1174 1991 1308 2029 Oritur
1325 1994 1394 2030 Sol
1409 2001 1439 2030 el
1456 1995 1600 2038 occidit,
1629 2003 1659 2032 el
1677 1997 1730 2032 ad
1746 1998 1862 2035 locum
1879 2015 1984 2037 suum
2002 2003 2104 2040 redit.

1227 2061 1329 2095 Prius
1350 2064 1502 2097 incoavit
1521 2076 1580 2098 seu
1599 2066 1776 2110 querelam
1796 2069 1838 2101 de
1854 2072 2009 2113 negociis
2037 2069 2103 2106 hu-

1123 2112 1254 2153 manis,
1290 2114 1361 2146 sive
1393 2115 1628 2149 obi-’ctionem
1661 2124 1780 2150 contra
1813 2123 2102 2156 asseverationem

1121 2163 1164 2194 de
1179 2164 1421 2206 providentia,
1449 2167 1541 2210 quod
1561 2167 1698 2200 labores
1717 2165 1861 2202 humani
1879 2172 2008 2214 pariter
2033 2174 2103 2207 sint

1122 2212 1232 2254 irriti,
1260 2215 1435 2248 bonorum
1465 2223 1498 2250 et
1524 2218 1715 2258 malorum,
1744 2219 1811 2252 vita
1833 2220 1904 2264 ipsa
1922 2229 1970 2256 est
1988 2223 2103 2257 incer-

1121 2270 1171 2304 ta,
1200 2271 1232 2298 et
1248 2265 1371 2307 fugax,
1400 2265 1621 2306 Alexander,
1648 2267 1778 2310 lulius,
1808 2270 1843 2304 in
1870 2283 1974 2306 cursu
1991 2275 2102 2307 maxi-

1121 2326 1257 2347 marum
1283 2328 1399 2349 rerum
1422 2318 1690 2361 opprimuntur,
1719 2332 1790 2353 non
1815 2329 1897 2356 sunt
1926 2324 2101 2358 durabilia

1120 2365 1265 2409 imperia
1284 2367 1416 2411 optime
1434 2369 1632 2403 constituta.
1686 2369 1768 2404 Post
1787 2371 1918 2417 Cyrum
1943 2387 2022 2407 mox
2048 2386 2100 2409 se-

1120 2424 1198 2449 cuta
1216 2419 1376 2462 tyrannis
1395 2418 1597 2464 Cambysis,
1625 2421 1772 2455 desectio
1792 2421 1996 2468 Babylonis,
2023 2433 2099 2468 post

1119 2465 1266 2500 Darium
1294 2469 1387 2502 bello
1406 2469 1529 2502 Xerxis
1552 2471 1679 2505 afflicta
1704 2478 1772 2505 tota
1790 2472 1885 2509 Asia.
1937 2473 2099 2522 Denique

1118 2528 1219 2561 saepe
1237 2526 1446 2562 repetuntur
1461 2521 1639 2565 querelae:

1169 2577 1274 2614 Magna
1296 2585 1442 2606 momento
1465 2584 1562 2608 ruunt.
1661 2580 1763 2615 Item:

1167 2628 1351 2666 Summisque
1375 2635 1510 2667 negatum
1535 2635 1578 2657 est

1167 2678 1253 2707 Stare
1276 2680 1342 2717 diu,
1365 2681 1510 2716 nimioque
1532 2689 1636 2717 graves
1659 2680 1709 2708 sub
1731 2681 1863 2716 pondere
1884 2682 1990 2714 lapsus.
