2409 2915
303 99 377 135 239

414 183 533 217 maior
558 192 592 214 es
613 183 718 227 patre
738 182 863 211 nostro
881 174 1095 219 Abraham,
1120 177 1186 224 qui
1201 189 1296 211 mor-

413 240 496 267 tuus
515 236 582 272 est,
611 235 639 263 el
660 225 863 276 Prophetae
880 228 1017 263 mortui
1031 233 1129 265 sunl.
1181 226 1297 275 Quem

416 283 567 329 teipsum
587 279 770 328 tufacis?

888 93 1013 128 PHIL.
1050 90 1166 127 MEL.
1194 90 1405 128 SCRIPTA
1431 90 1728 129 EXEGETICA.

1322 188 1326 330 ἒ

2238 113 2241 115 >
2256 95 2332 129 240

1351 188 1472 210 manas
1488 179 1730 221 persuasiones
1748 178 1812 223 ipsi
1829 178 1896 212 sibi
1914 184 2137 221 exaggerent,
2164 185 2334 224 quaerant

1351 234 1548 271 praetextus
1573 229 1626 261 sui
1650 229 1743 268 odii,
1779 236 1816 263 ut
1845 229 1964 263 ludaei
1987 230 2334 272 argumentabantur,

1351 277 1478 320 Legem
1499 277 1607 311 Moisi
1632 291 1650 312 a
1667 279 1741 312 Deo
1767 280 1949 320 traditam,
1977 291 2048 312 non
2076 291 2173 323 posse
2195 280 2335 320 mutari,

363 330 571 379 Respondit
594 329 718 365 Iesus:
750 328 797 365 Si
823 342 887 376 ego
913 327 1082 375 glorifico
1112 329 1299 377 meipsum,
1325 336 1329 378 j
1353 328 1563 371 promissum
1598 340 1670 361 esse
1698 326 1780 363 huic
1810 330 1941 374 populo
1971 341 2136 373 regnum,
2176 329 2336 373 politiam

413 382 539 430 gloria
564 394 644 416 mea
669 379 771 415 nihil
787 385 858 425 est,
887 379 959 414 Est
973 385 1078 427 pater
1094 392 1210 419 meus,
1237 380 1302 427 qui
1326 389 1327 415 ἢ
1354 378 1526 411 divinitus
1560 379 1803 420 constitutam,
1845 393 1916 413 non
1956 392 2027 413 esse
2064 380 2336 416 dissolvendam.

413 431 600 480 glorificat
622 445 694 474 me,
721 444 825 480 quem
843 443 902 464 cos
921 429 1064 472 dicitis,
1089 431 1177 479 quia
1194 429 1299 463 Deus
1325 462 1328 482 t
1352 427 1447 462 Ilaec
1477 436 1575 462 erant
1608 430 1761 473 speciosa
1783 437 1816 463 et
1841 431 2060 474 plausibilia,
2096 431 2224 475 quihus
2250 442 2336 474 pau-

417 489 526 518 vesler
555 489 623 525 est,
665 488 695 517 et
727 495 801 516 non
831 481 1050 528 cognorc‘stis
1079 494 1175 522 eum,
1214 480 1300 527 Ego

414 539 534 568 aulem
558 534 645 568 novi
664 545 762 574 eum,
789 537 819 566 et
839 533 874 566 si
887 530 1016 566 dixero
1033 530 1133 580 quod
1147 544 1218 566 non
1237 544 1299 565 no—

417 588 526 618 cerim
552 596 648 623 eum,
677 596 736 617 ero
757 582 895 617 similis
918 583 1017 617 vobis
1032 581 1212 625 mendax,
1238 580 1303 616 sed

419 635 503 668 nori
517 647 612 675 eum,
641 639 670 667 et
689 633 831 668 verbum
849 634 924 668 eius
941 647 1053 669 servo.

366 683 559 719 Abraham
572 689 678 732 pater
693 689 803 718 vester
819 683 999 718 exultavit
1013 689 1050 718 ul
1065 683 1195 719 videret
1208 682 1298 717 diem

415 747 551 776 meum,
578 740 608 769 et
633 733 742 777 cidit,
777 741 806 769 et
822 736 975 781 gavisus
993 740 1054 771 est.
1107 734 1300 768 Discum!

416 798 501 831 ergo
522 783 651 821 Iudaei
676 784 731 819 ad
751 798 848 820 eum:
874 785 1159 833 Quinquaginta
1183 798 1300 818 annos

415 834 579 871 nondum
605 834 736 876 hahes,
764 842 794 870 el
814 835 1008 870 Abraham
1025 835 1175 870 vidisti?
1225 835 1299 869 Di-

417 887 476 922 xit
493 887 542 921 eis
554 885 675 921 Iesus:
704 887 817 923 Amen
833 899 938 920 amen
957 886 1035 920 dico
1053 886 1170 925 cobis,
1199 891 1302 919 anle-

417 951 528 985 quam
546 935 739 971 Abraham
756 942 862 977 esset,
892 950 956 983 ego
972 950 1064 971 sum.
1119 935 1301 971 Tulerunl

418 1001 502 1034 ergo
529 986 690 1034 lapides,
726 993 763 1020 ul
794 987 946 1021 iacerent
979 988 1017 1021 in
1046 1000 1135 1021 eum.
1196 986 1301 1022 Iesus

418 1044 538 1073 autem
557 1036 750 1072 abscondit
765 1050 820 1080 se,
848 1043 878 1072 el
897 1038 1008 1072 evivit
1028 1036 1069 1071 de
1086 1037 1232 1084 templo.

472 1115 495 1149 Ι.
551 1115 687 1154 Locus,
724 1112 962 1154 Asseveratio‚
996 1117 1089 1159 quod
1123 1121 1212 1148 recte
1239 1115 1300 1147 do-

521 1173 592 1198 ceat
605 1193 613 1204 ,
641 1172 673 1198 et
690 1165 731 1197 sit
750 1165 874 1197 missus
891 1178 907 1197 a
927 1164 1015 1198 Deo.

572 1215 622 1249 De
648 1227 748 1248 causa
772 1216 999 1259 pertinaciae,
1025 1229 1086 1250 seu
1104 1216 1300 1250 induratio-

519 1267 573 1299 nis
594 1267 794 1310 impiorum.

470 1316 533 1350 Ill.
587 1316 767 1351 Refutatio
790 1317 960 1358 convicii,
991 1319 1085 1363 quod
1109 1320 1152 1352 ad
1171 1319 1301 1353 doctri-

521 1379 600 1399 nam
620 1367 761 1411 proprie
780 1368 941 1411 pertinet.

473 1416 554 1451 lttt.
607 1417 774 1451 Doctrina
800 1419 942 1462 propria
965 1416 1115 1460 Christi,
1143 1420 1237 1465 quod
1261 1419 1300 1452 sit

523 1467 648 1500 missus
662 1495 670 1508 ,
697 1475 734 1501 ut
752 1469 888 1501 aboleat
906 1476 1067 1503 mortem.

473 1517 516 1553 Υ.
569 1518 761 1552 Altercatio
788 1526 928 1557 mutua,
957 1532 1000 1552 an
1021 1519 1183 1554 Christus
1207 1527 1302 1554 ante-

526 1569 629 1601 cellat
653 1568 817 1602 Patribus
849 1576 882 1602 et
909 1569 1118 1614 Prophetis?
1153 1578 1186 1604 et
1217 1583 1303 1615 quo—

527 1619 633 1651 modo
653 1618 772 1652 Patres
792 1627 825 1653 et
842 1618 1040 1664 Prophetae
1057 1622 1178 1654 salvati
1199 1622 1280 1657 sint.

474 1667 533 1703 Vl.
589 1668 848 1702 Testimonium
866 1671 909 1703 de
926 1671 1111 1705 divinitate
1131 1671 1224 1706 Filii.

470 1216 517 1250 ΙΙ.

716 1770 760 1794 De
792 1770 909 1800 primo.

424 1828 561 1863 Omnes
587 1830 750 1863 docentes
776 1830 812 1862 in
835 1828 992 1864 Ecclesia
1017 1839 1155 1875 oportet
1181 1830 1309 1866 habere

323 1880 413 1914 hanc
431 1881 687 1919 certitudinem,
713 1882 805 1924 quod
822 1888 912 1914 recte
927 1882 1090 1915 doceant:
1116 1883 1193 1916 ideo
1204 1882 1310 1917 Chri—

324 1938 396 1964 stus
420 1931 552 1975 inquit.
581 1930 647 1962 sibi
674 1942 744 1962 non
771 1942 869 1974 posse
893 1932 997 1964 obiici
1020 1941 1215 1975 peccatum,
1242 1935 1310 1967 sci-

326 1982 405 2015 licet
428 1982 521 2025 quod
543 1981 587 2013 sit
606 1979 927 2024 pseudopropheta,
955 1985 1048 2026 quod
1068 1983 1111 2016 sit
1129 1984 1310 2028 impostor.

324 2031 378 2066 De
402 2029 464 2064 hac
489 2032 602 2074 specie
628 2031 813 2075 praecipue
841 2031 1008 2076 loquitur.
1063 2032 1137 2067 Etsi
1159 2035 1252 2067 enim
1279 2043 1311 2069 ct

323 2082 459 2127 alioqui
484 2083 559 2114 sine
583 2089 720 2125 peccato
744 2082 828 2122 suit,
857 2089 971 2116 tamen
999 2085 1183 2128 praecipua
1206 2099 1312 2130 quae-

326 2133 392 2166 stio
427 2140 477 2165 est
508 2135 550 2165 de
582 2133 794 2171 ministerio,
828 2140 859 2166 et
890 2134 1007 2177 regula
1041 2136 1238 2169 communis
1270 2138 1310 2169 ad

328 2195 448 2217 omnes
474 2183 635 2227 pertinet.
694 2181 831 2216 Omnes
854 2184 923 2217 sint
948 2185 1050 2223 certi,
1084 2198 1118 2218 se
1146 2199 1225 2220 vera
1250 2189 1312 2221 do-

329 2246 404 2266 cere
430 2234 517 2267 sicut
542 2233 655 2278 inquit
678 2232 818 2267 Petrus:
846 2234 916 2277 Qui
945 2235 1122 2279 loquitur,
1152 2238 1314 2282 loquatur

330 2295 505 2316 sermones
523 2283 599 2317 Dei.
653 2283 790 2317 Deinde
809 2285 912 2318 etiam
933 2293 1095 2327 caxeant,
1127 2300 1168 2320 ne
1184 2290 1313 2323 doctri-

332 2346 410 2367 nam
428 2334 600 2367 scandalis
619 2335 826 2370 deforment.

709 2435 752 2458 Do
779 2437 942 2461 necundo.

434 2495 546 2529 Causa
574 2495 782 2540 pertinaciae
808 2504 839 2530 et
864 2498 1100 2533 indurationis
1126 2500 1313 2544 impiorum

334 2553 380 2579 est
399 2547 553 2590 ipsorum
571 2559 729 2590 perversa
746 2548 918 2588 voluntas,
944 2551 1076 2584 deserta
1094 2550 1208 2590 aDeo,
1236 2553 1315 2596 quia

333 2604 453 2629 contra
485 2598 732 2630 conscientiam
766 2599 944 2632 adversata
973 2609 1020 2634 est
1053 2602 1251 2641 doctrinae,
1285 2610 1314 2636 et

333 2647 460 2680 deinde
478 2648 679 2682 confirmata
697 2661 714 2681 a
733 2649 894 2690 diabolo,
921 2651 980 2695 qui
1000 2651 1168 2697 impellit,
1195 2660 1231 2686 ut
1250 2651 1314 2686 hu-

1326 538 1327 550 *
1353 530 1446 563 odia.

1326 749 1329 763 Ι

1353 479 1451 512 latim
1486 487 1517 513 et
1548 480 1733 513 alebantur
1762 486 1793 513 et
1823 482 2122 514 confirmabantur
2151 481 2337 514 'simonica

1510 528 1562 562 De
1595 531 1724 564 talibus
1756 531 1913 575 loquitur
1934 531 2064 565 Paulus
2090 530 2195 565 Rom.
2216 533 2273 566 11.
2305 537 2338 564 et

1354 579 1445 613 Psal.
1465 579 1542 616 69.:
1579 581 1733 614 Dorsum
1764 593 1886 615 eorum
1912 593 2048 626 semper
2070 583 2226 616 incurva.
2288 580 2340 615 lta

1355 642 1449 663 nunc
1474 631 1653 674 disputant
1679 632 1873 676 sapientes,
1901 643 2062 675 magnam
2080 643 2150 665 esse
2167 633 2337 665 autorita-

1355 687 1423 714 tem
1440 680 1615 714 Ecclesiae
1627 709 1635 721 ,
1664 695 1734 715 non
1756 683 2032 716 labefactandum
2049 693 2121 715 esse
2137 688 2263 715 statum
2281 693 2340 714 or-

1354 732 1448 764 dinis
1473 733 1695 766 ecclesiastici
1720 741 1784 766 etc.
1845 732 1910 766 llis
1931 733 2090 766 fascinati
2115 732 2340 775 imaginatio-

1354 783 1478 822 nibus,
1513 783 1660 816 maiores
1693 784 1860 827 paulatim
1889 784 2046 816 flammas
2073 783 2147 816 odii
2174 784 2340 816 adversus

1355 831 1587 875 Evangelinm
1611 835 1828 877 concipiunt.
1883 833 1965 867 ldeo
1990 834 2099 867 simus
2125 828 2270 872 intenti,
2297 844 2341 865 ne

1355 883 1516 916 diabolus
1532 884 1692 917 offundat
1711 885 1811 918 nobis
1829 885 2087 929 persuasiones,
2113 895 2202 929 quae
2220 883 2342 916 odium

1355 941 1414 967 aut
1438 941 1651 967 contemtum
1676 934 1860 979 Evangelii
1885 935 2041 979 pariant,
2075 947 2119 968 ne
2143 936 2261 978 postea
2287 945 2342 966 se-

1356 991 1484 1029 quatur
1517 982 1601 1018 haec
1624 982 1800 1019 horrenda
1828 998 1958 1029 poena,
1991 985 2184 1019 excaecatio
2209 985 2262 1018 vel
2284 984 2341 1017 in-

1356 1035 1496 1068 duratio
1524 1034 1738 1075 Pharaonis,
1771 1048 1830 1069 seu
1859 1035 1983 1077 Iudae,
2018 1037 2060 1070 de
2091 1048 2160 1080 quo
2193 1035 2340 1068 dicitnr:

1356 1084 1401 1118 Et
1427 1085 1603 1127 ingressus
1627 1093 1675 1119 est
1703 1087 1739 1118 in
1767 1098 1844 1119 eum
1871 1093 2018 1120 satanas.
2076 1086 2126 1120 Ita
2153 1083 2209 1118 hic
2236 1085 2339 1118 dicit:

1357 1135 1428 1178 Qui
1453 1149 1525 1169 non
1548 1144 1630 1170 sunt
1657 1149 1695 1169 ex
1714 1136 1807 1177 Deo,
1835 1148 1907 1170 non
1931 1137 2100 1177 audiunt,
2128 1137 2162 1168 id
2185 1142 2252 1176 est,
2279 1137 2340 1168 de-

1356 1186 1437 1219 s'erti
1462 1199 1479 1219 a
1500 1186 1585 1222 Deo.
1641 1186 1860 1221 Deseruntur
1883 1194 1998 1221 autem
2017 1193 2159 1232 propter
2176 1183 2340 1229 blasphe-

1357 1248 1457 1270 mlils·

1751 1322 1798 1346 De
1830 1320 1946 1346 tertio.

1457 1379 1620 1414 Christus
1645 1382 1793 1415 alterum
1820 1382 2020 1416 convicium
2048 1383 2230 1426 praeterit,
2258 1384 2344 1417 alte·
2392 1384 2394 1386 ’

1358 1443 1435 1465 rum
1456 1432 1599 1464 refutat:
1630 1430 1862 1465 Daemonium
1881 1431 1999 1468 habes.
2054 1432 2130 1467 Hoc
2147 1435 2241 1467 enim
2263 1447 2344 1478 pro·

1359 1483 1433 1526 prie
1451 1482 1646 1526 pertinebat
1666 1483 1706 1515 ad
1730 1483 1938 1516 doctrinam.
1993 1483 2094 1515 Talia
2113 1485 2272 1518 convicia
2291 1496 2345 1518 re-

1358 1534 1469 1567 futare
1487 1544 1566 1577 pars
1584 1540 1633 1566 est
1650 1533 1844 1567 necessaria
1863 1533 2103 1569 confessionis.

1752 1632 1797 1656 De
1827 1635 1961 1662 quarto.

1463 1691 1499 1725 Si
1527 1691 1606 1736 quis
1629 1702 1825 1725 sermonem
1851 1704 1966 1726 meum
1992 1693 2162 1734 servabit,
2197 1701 2347 1729 mortem

1361 1755 1434 1776 non
1467 1742 1601 1775 videbit
1625 1742 1661 1774 in
1691 1749 1884 1778 aeternum.
1946 1742 2041 1777 Haec
2066 1745 2254 1779 videbatur
2276 1757 2348 1779 esse

1309 1793 1316 1799 “
1363 1794 1450 1826 mira
1478 1805 1563 1832 vox,
1591 1799 1624 1826 et
1646 1793 1749 1835 longe
1774 1805 1877 1837 supra
1906 1791 2105 1835 hominem,
2134 1795 2214 1839 quia
2242 1797 2349 1840 polli-

1363 1852 1459 1877 cetur
1483 1844 1590 1876 vitam
1615 1850 1803 1876 aeternam.
1864 1843 2000 1877 Deinde
2025 1843 2090 1878 hoc
2115 1846 2264 1881 offendit
2291 1846 2349 1880 In-

1363 1897 1484 1931 daeos‚
1513 1894 1605 1938 quod
1627 1906 1696 1925 non
1719 1894 1847 1938 inquit:
1877 1894 1914 1928 Si
1932 1895 2009 1939 quis
2026 1907 2222 1929 sermonem
2241 1896 2350 1931 Moisi
2392 1905 2395 1933 f

1364 1944 1527 1978 servabit.

1364 2007 1444 2028 nem
1463 1993 1569 2027 Moisi
1594 2001 1625 2027 et
1644 1993 1801 2027 Mvssiae.
1859 1995 1936 2028 Non
1961 1996 2205 2031 existimabant
2223 1996 2350 2031 Phari-

1364 2045 1432 2079 saei
1468 2044 1631 2078 Mcssiam
1674 2045 1863 2078 allaturum
1900 2058 1971 2078 esse
2005 2047 2108 2079 aliam
2141 2049 2351 2090 doctrinam,

1366 2102 1502 2140 praeter
1530 2095 1733 2128 Mosaicam.
1793 2096 1861 2129 Sed
1895 2093 1950 2129 hic.
1986 2104 2148 2137 testatur,
2184 2111 2219 2131 se
2241 2099 2349 2133 alium

1365 2159 1561 2180 sermonem
1589 2146 1730 2185 att--rre,
1767 2146 1895 2180 scilicet
1922 2145 2172 2191 Evangotium.
2199 2147 2266 2183 hoc
2291 2158 2352 2189 est,

1366 2198 1449 2230 dicit
1473 2209 1507 2230 se
1532 2196 1643 2234 mini,
1674 2204 1708 2230 ut
1735 2197 1775 2229 sit
1803 2198 1942 2230 victima
1968 2210 2030 2241 pro
2049 2207 2208 2243 peccato,
2235 2207 2268 2234 ct
2286 2198 2351 2234 ho-

1368 2249 1478 2281 miues
1511 2247 1728 2280 reconciliari
1759 2245 1853 2284 Deo.
1889 2261 1959 2281 non
1995 2261 2055 2293 per
2088 2250 2196 2293 legem
2232 2249 2351 2292 Moifi,

1365 2300 1421 2332 sed
1445 2298 1568 2331 tiilucia
1588 2298 1753 2333 Messiae.
1777 2305 1807 2331 et
1829 2297 1892 2332 hac
1909 2300 2033 2332 fiducia
2052 2298 2163 2332 Deum
2183 2300 2352 2335 invocan-

1367 2351 1450 2383 dum
1476 2361 1568 2388 esse,
1590 2356 1623 2383 ct
1650 2356 1874 2389 regnaturum
1902 2362 1973 2383 esse
1992 2349 2155 2383 Messinm
2182 2351 2217 2384 in
2244 2352 2352 2391 coeto.

1367 2413 1405 2434 ac
1432 2401 1710 2442 gubernaturum
1737 2411 1834 2432 suam
1862 2398 2053 2433 Ecclesiam
2073 2401 2210 2445 Spiritu
2231 2410 2352 2437 sancto

1368 2459 1398 2484 et
1419 2452 1543 2490 verbo,
1572 2463 1641 2483 non
1660 2451 1817 2483 futurum
1835 2451 1958 2483 mundi
1979 2451 2163 2485 dominum
2177 2479 2185 2491 ,
2211 2455 2271 2498 qui
2289 2466 2352 2498 po-

1363 2502 1459 2535 litica
1480 2502 1624 2544 imperia
1642 2507 1773 2538 teneat,
1803 2498 1991 2534 Ecclesiam
2011 2503 2163 2535 suturam
2185 2503 2220 2536 in
2239 2516 2352 2547 cruce,

1369 2565 1441 2585 non
1462 2550 1660 2585 habituram
1680 2551 1824 2595 imperia
1846 2553 1981 2585 uuindi.
2035 2552 2100 2586 llic
2119 2564 2231 2587 sermo
2250 2555 2352 2598 longe

1369 2604 1483 2636 diflert
1511 2616 1528 2636 a
1549 2601 1815 2635 Pharisaeorum
1837 2603 2087 2647 opinionibus,
2116 2616 2201 2649 quas
2218 2606 2261 2639 de
2280 2606 2352 2649 tege

1369 2654 1433 2697 ipsi
1452 2651 1638 2689 habebant.

1585 1942 1667 1977 {teni
1682 1971 1689 1982 ,
1719 1945 1811 1988 quod
1831 1945 2018 1978 discrimen
2038 1953 2085 1979 est
2110 1947 2202 1980 inter
2217 1959 2350 1981 sermo·
2392 1940 2401 1958 ⁷
