2409 2915
231 91 328 128 1199

230 177 318 211 lium
344 181 404 209 est.

231 238 310 261 mus
323 253 332 267 ,
357 225 452 270 quod
469 236 581 258 unum
598 224 640 257 ad
659 223 806 257 salutem
823 223 906 257 satis
921 230 983 259 est.

232 276 445 320 Unigenitus
478 275 592 315 filius,
635 274 696 319 qui
726 280 775 308 est
805 274 842 306 in
867 275 946 308 sinu
979 275 1107 319 patris,
1147 274 1221 318 ipse

233 326 419 361 enarravit.
474 323 521 359 Et
546 324 670 360 loann.
687 323 784 359 XV.:
811 323 962 365 Omnia,
989 337 1078 370 quae
1100 325 1220 359 audivi

232 391 250 412 a
276 385 372 422 patre
397 389 494 418 meo,
520 383 602 410 nota
620 376 687 409 feci
705 375 815 411 vobis.

231 429 405 463 Docentes
421 439 558 460 servare
576 439 633 460 eos
649 426 767 460 omnia
778 453 788 467 ,
812 438 1042 472 quaecunque
1056 427 1221 460 mandavi

232 480 346 514 vobis.

231 531 339 564 suetis
367 529 463 562 misit
488 541 554 564 me.
614 527 660 561 Et
684 529 726 561 ad
752 527 862 562 Hebr.
884 527 925 561 l.:
963 527 1160 562 Novissime
1185 529 1222 561 in

231 582 306 614 filio
321 588 386 615 etc.
439 579 511 613 Nec
535 586 583 613 est
609 579 752 624 aliquod
777 590 909 612 novum
933 580 1100 620 verbum,
1126 580 1221 624 quod

232 631 388 676 Spiritus
402 637 543 664 sanctus
558 630 690 670 afferat,
711 630 771 663 sed
789 636 837 663 est
855 630 946 663 idem
963 630 1051 663 illud
1066 631 1223 670 verbum,

232 683 327 729 quod
344 694 361 715 a
378 679 521 715 Christo
538 681 776 725 praedicatum
794 687 861 721 est;
889 681 978 715 sicut
996 680 1222 714 Ioann.XV.:

231 733 322 767 Cum
347 733 482 766 venerit
504 732 719 776 paracletus,
751 731 810 764 ille
832 732 1075 765 testimonium
1103 729 1222 774 perhi-

232 784 330 818 bebit
368 784 411 816 de
447 795 514 816 me.
582 781 630 816 Et
659 780 778 817 XtV.:
824 781 888 815 Ille
920 782 1125 815 admonebit
1162 793 1223 813 vos

233 835 412 874 omnium,
440 845 529 878 quae
554 834 626 866 dixi
649 833 760 867 vobis.
813 832 902 866 Nam
927 844 1005 864 cum
1030 832 1094 864 ait:
1122 830 1223 874 Quae

233 886 326 926 dixi,
356 885 529 927 significat
549 891 640 917 certe
664 884 756 914 idem
777 882 924 914 verbum
944 882 1030 917 fore.
1081 881 1127 916 Et
1143 883 1223 915 bre-

232 937 340 974 viter,
367 946 480 968 unum
505 940 555 967 est
572 931 808 975 Evangelium
836 931 1047 975 promissum
1074 933 1111 965 in
1137 933 1223 965 scri-

233 986 346 1031 pturis
375 985 524 1025 sanctis,
555 984 651 1028 quod
677 989 727 1016 est
751 995 812 1026 per
835 981 1016 1017 Christum
1042 984 1223 1027 praedica-

232 1046 306 1072 tum
320 1036 476 1076 ludaeis,
504 1041 537 1068 et
555 1033 816 1078 pet-Apostolos
835 1040 976 1077 accepto
987 1033 1122 1077 Spiritu
1141 1046 1223 1067 san-
1247 1043 1249 1063 !

234 1095 288 1122 cto
316 1098 474 1130 sparsum
501 1085 537 1118 in
562 1096 685 1119 omnes
707 1091 846 1127 gentes,
881 1085 963 1129 quia
987 1085 1063 1118 sine
1088 1084 1224 1129 Spiritu

819 85 946 122 PHIL.
973 85 1091 122 MEL.
1117 85 1327 124 SCRIPTA
1352 87 1653 126 EXEGETICA.

469 173 590 218 ltaque
615 183 678 217 per
700 169 884 206 Christum
911 173 1059 207 verbum
1085 173 1220 217 accepi·
1245 207 1248 222 ,

1036 224 1162 259 Ioann.
1179 223 1220 260 L:
1246 225 1247 230 ’

867 373 913 410 Et
930 374 1056 410 Matth.
1076 376 1220 410 ultimo:
1242 383 1248 393 ⁶

398 478 445 512 Et
458 475 584 511 Esaiae
598 476 710 511 LXl.:
740 475 795 511 Ad
813 478 1103 511 annunciandum
1120 489 1220 510 man·
1245 479 1248 511 ζ

1246 530 1248 567 Ῐ
1273 531 1478 574 intelligatis
1504 531 1663 564 verbum.

1246 608 1248 619 ι
1274 583 1442 626 metipso,
1470 582 1495 615 i.
1511 594 1540 617 e.
1566 581 1661 615 aliud
1678 581 1826 614 verbum
1845 591 1950 626 quam
1974 581 2081 624 patris
2105 580 2265 614 verbum.

233 1146 351 1172 sancto
377 1149 449 1171 non
475 1136 685 1180 intelligitur
704 1137 850 1169 verbum
869 1133 1013 1169 Christi.
1067 1135 1224 1170 Proinde

233 1202 312 1223 cum
336 1186 432 1221 hunc
456 1189 591 1221 locum:
620 1184 749 1220 Adhuc
774 1187 883 1221 multa
909 1184 1022 1220 habeo
1048 1187 1149 1221 vobis
1169 1188 1225 1220 di·-

235 1252 330 1280 cere,
368 1246 555 1283 opponunt
580 1238 698 1279 impii,
726 1250 808 1271 cave
832 1238 971 1278 credas,
998 1250 1131 1271 novum
1159 1238 1224 1271 ali-

233 1292 328 1336 quod
345 1293 492 1324 verbum
510 1290 679 1323 traditum
697 1300 780 1330 esse,
808 1290 902 1333 quod
920 1290 960 1321 ad
979 1290 1126 1323 salutem
1145 1301 1224 1333 per-

235 1343 361 1383 tineat,
396 1349 533 1384 praeter
559 1340 792 1382 Evangelium
825 1351 842 1372 a
867 1336 1010 1372 Christo
1043 1340 1225 1382 praedica-

234 1402 320 1427 tum.
384 1392 454 1426 Sed
481 1390 549 1424 huc
574 1390 736 1433 pertinet.
793 1389 957 1433 Apostoli
981 1386 1098 1422 adhuc
1121 1395 1224 1433 puta-

234 1445 339 1483 bant,
369 1453 517 1484 regnum
536 1439 668 1474 Christi
695 1439 878 1483 corporale
894 1450 1039 1482 regnum
1058 1440 1150 1480 sore,
1175 1440 1224 1472 si·
1247 1457 1250 1486 y

233 1502 291 1528 cut
314 1499 457 1537 apparet
477 1493 555 1525 Act.
577 1490 618 1524 l.:
646 1491 858 1523 Nesciebant
873 1487 1107 1533 Evangelium
1127 1502 1226 1534 spar-

233 1557 309 1579 sum
335 1555 406 1577 esse
432 1543 468 1576 in
494 1548 622 1585 gentes.
677 1540 859 1581 Breviter,
889 1552 1028 1574 erucem
1054 1548 1089 1574 et
1113 1541 1226 1574 crucis

233 1595 379 1639 gloriam
414 1595 573 1627 nondum
611 1592 876 1635 intelligebant,
911 1591 1048 1625 tametsi
1078 1592 1250 1633 verbum,
1451 1628 1458 1634 ,
1484 1628 1492 1634 ,

1249 1648 1250 1653 =
1279 1639 1387 1672 gnum
1407 1627 1602 1672 spirituale.

235 1647 368 1679 editum
388 1653 485 1680 esset.
541 1643 622 1677 ldeo
639 1641 802 1677 Christus
816 1649 1001 1676 contentus
1017 1650 1088 1683 est,
1115 1655 1225 1687 pauca

235 1698 374 1731 dixisse.

399 1779 476 1815 Sed
499 1793 572 1814 non
594 1780 745 1827 potestis
769 1784 916 1826 portare
939 1777 1058 1815 modo.

337 1848 386 1884 Ea
404 1850 508 1888 dicit,
536 1861 571 1882 se
590 1849 765 1887 omittere,
793 1860 881 1893 quae
901 1861 972 1881 non
993 1848 1126 1892 possint
1146 1861 1225 1892 por-

234 1912 323 1941 tare,
352 1903 374 1935 i.
394 1914 422 1934 e.
446 1913 533 1945 quae
560 1901 718 1933 nondum
747 1899 957 1941 intelligant.
1013 1898 1117 1932 Unde
1143 1901 1227 1932 satis

233 1953 366 1986 clarum
404 1959 470 1988 est,
515 1963 593 1982 eum
633 1952 676 1982 (lc
707 1951 880 1992 spirituali
921 1950 1082 1982 doctrina
1118 1950 1225 1994 loqui.

233 2003 366 2037 Yerurn
391 1999 455 2034 hac
473 2000 647 2034 sententia
665 2007 815 2032 utuntur
835 2000 931 2043 impii
952 2001 992 2032 ad
1013 2001 1224 2033 conflrman-

233 2056 317 2088 dum
335 2052 508 2097 Papatum
533 2059 563 2085 et
582 2051 825 2085 ordin.·ti‹›nes
843 2051 1108 2090 ecclesiasticas,
1137 2064 1225 2096 quae
1248 2084 1249 2097 χ

233 2105 351 2139 omnia
375 2103 529 2138 carnalia
554 2110 587 2136 ct
611 2111 751 2136 externa
774 2108 875 2140 sunt,
902 2110 934 2135 et
955 2114 1042 2146 quae,
1059 2104 1162 2135 etiam
1181 2104 1224 2135 ab
1248 2114 1249 2117 ¹

233 2157 352 2200 impiis
386 2155 533 2197 intelligi
568 2160 724 2198 possunt.
794 2152 884 2185 title
909 2153 1080 2185 ins-niam
1107 2152 1221 2187 homi-

234 2221 341 2246 nnm,
374 2206 432 2251 qui
461 2212 601 2249 puttam,
637 2204 827 2248 Apostolos
852 2204 1046 2245 intelli-„wrt-
1071 2205 1223 2248 potuisse

232 2258 429 2292 doctrinam
449 2257 526 2289 sulci
547 2264 577 2289 et
595 2256 725 2291 cruris.
756 2262 1009 2299 repugnantem
1030 2257 1126 2289 ouini
1145 2269 1224 2289 sen-
1248 2292 1250 2299 Α

233 2310 286 2342 sui
305 2316 468 2346 naturae,
495 2315 524 2340 et
547 2321 617 2340 non
638 2307 791 2351 potuisse
814 2306 1009 2347 intelligere.
1027 2307 1222 2340 ordinatio·
1249 2330 1251 2349 ζ

234 2373 312 2394 nem
337 2359 473 2392 dierunt
500 2372 537 2391 ar
565 2359 724 2391 vestium.
782 2356 889 2391 Docet
915 2356 970 2391 hic
999 2358 1111 2397 lorus,
1148 2371 1222 2391 xer·
1249 2375 1251 2412 1

236 2414 317 2445 bum
345 2423 416 2443 nnn
442 2409 591 2450 intelligi
618 2410 691 2441 sine
711 2409 837 2452 spiritu
854 2417 984 2443 saneto,

238 2462 400 2505 pant-inm
425 2461 528 2497 dicit,
558 2462 652 2505 quod
681 2461 743 2503 ipsi
769 2473 841 2492 non
867 2458 1126 2495 intellexerunt,

1041 2408 1128 2442 Nun
1147 2410 1223 2441 ideo
1250 2419 1251 2450 J

1183 2459 1222 2493 1⁴21
1250 2458 1252 2499 l

236 2513 374 2546 adiicit:
403 2512 492 2544 (Jutn
512 2512 643 2544 venerit
665 2511 809 2554 spiritus
828 2511 982 2544 veritatis
999 2519 1080 2550 etr.=
1114 2512 1145 2544 iil
1165 2520 1225 2545 est„
1250 2526 1252 2532 ·

235 2566 387 2608 Spiritus
425 2571 563 2595 §tuclus
601 2563 724 2600 efficit,
763 2570 797 2595 ut
831 2560 896 2594 lto(-
928 2562 1094 2600 uerbum,
1130 2565 1223 2607 quod

237 2615 453 2654 manuliani.
490 2614 580 2647 ‹tm-
605 2614 832 2653 cognoscatis.

237 2669 289 2699 lus
307 2668 340 2699 2.
359 2666 435 2697 sor.
452 2664 509 2697 lll.

894 2614 990 2645 Sicut
1018 2622 1048 2647 rt
1075 2615 1223 2657 Aposto-

560 2665 628 2698 No<
651 2665 800 2698 resolata
821 2665 906 2697 facit·
924 2665 1070 2708 gloriam
1091 2664 1225 2697 donnini

2160 90 2258 126 1200

1272 175 1490 221 speculantes
1519 175 1559 209 in
1581 176 1728 209 eandem
1751 175 1944 219 imaginem
1968 175 2263 209 transformamur

1272 239 1290 260 a
1308 226 1467 260 claritate
1483 226 1521 258 in
1538 225 1730 260 claritatem
1743 253 1752 268 ,
1780 233 1948 272 tanquam
1966 226 2105 260 domini
2123 225 2263 271 spiritu.

1272 275 1408 311 Eodem
1423 277 1595 322 pertinet,
1620 277 1715 322 quod
1733 275 1790 311 hic
1804 277 1868 311 ait:
1896 275 1962 310 Ille
1977 288 2034 310 me
2048 276 2264 317 clarificabit,

1273 329 1308 361 id
1334 335 1404 366 est,
1431 334 1556 362 notum
1581 327 1696 363 faciet.
1748 325 1877 362 Adhuc
1903 327 2014 361 multa
2032 324 2146 361 habeo
2162 327 2264 361 vobis

1273 378 1408 420 dicere,
1437 378 1570 412 scilicet
1592 379 1635 412 de
1662 389 1764 412 cruce
1784 375 1908 413 et'eius
1926 378 2056 423 gloria,
2083 378 2126 411 de
2143 375 2263 411 Evan-

1272 429 1364 472 gelio
1396 429 1594 474 spargendo
1625 429 1663 462 in
1696 435 1834 472 gentes,
1868 431 1912 463 de
1945 441 2054 472 regno
2076 427 2263 473 spirituali.

1273 480 1424 514 Docebit
1447 491 1510 513 vos
1534 491 1675 513 omnem
1703 480 1902 518 veritatem,
1930 480 1965 513 id
1990 487 2058 518 est,
2083 478 2207 513 efficiet
2225 484 2264 513 ut

1728 529 1809 563 Non
1837 529 1932 563 enim
1957 531 2122 576 loquetur
2145 531 2188 564 de
2209 541 2263 562 se-

1274 632 1342 667 Sed
1357 645 1586 678 quaecunque
1602 632 1733 670 audiet,
1752 632 1774 665 i.
1783 644 1811 666 e.
1826 631 1974 665 verbum
1992 631 2109 675 patris.
2138 629 2186 665 Et
2202 642 2266 664 an-

1274 684 1454 718 nuntiabit
1467 684 1569 716 vobis
1585 694 1674 728 quae
1690 689 1837 716 ventura
1853 689 1946 721 sunt,
1975 682 2009 714 id
2027 687 2089 722 est,
2106 682 2148 715 de
2164 693 2266 715 cruce

1275 742 1307 768 et
1330 734 1404 768 eius
1428 735 1560 778 gloria,
1587 735 1631 767 de
1652 732 1845 777 Evangelio
1864 733 2060 777 spargendo
2079 731 2117 764 in
2137 739 2266 776 gentes.

1278 784 1341 818 llle
1365 798 1419 818 me
1446 785 1678 827 glorificabit,
1712 785 1736 817 i.
1760 797 1788 818 e.
1815 791 1939 817 notum
1964 783 2067 816 saciet
2091 782 2130 815 in
2151 783 2267 816 omni-

1275 835 1340 868 bus
1366 837 1541 878 gentibus.
1596 834 1690 877 Quia
1714 835 1757 868 de
1781 847 1859 867 meo
1883 833 2048 878 accipiet,
2082 833 2105 867 i.
2133 845 2161 868 e.
2187 844 2267 866 ver-

1275 886 1359 918 bum
1386 885 1496 929 patris
1520 885 1676 929 accipiet.
1745 882 1881 918 Omnia
1908 896 2139 929 quaecunque
2162 881 2268 918 habet

1275 943 1374 980 pater
1389 948 1466 970 mea
1481 943 1581 974 sunt,
1611 936 1632 970 i.
1643 948 1674 970 e.
1693 936 1816 969 eadem
1834 935 1990 979 potentia
2007 935 2116 979 patris
2135 941 2166 968 et
2183 945 2269 968 mea.

1395 1044 1606 1086 Modicum,
1641 1049 1672 1079 et
1695 1044 1771 1079 iam
1793 1057 1866 1079 non
1894 1043 2063 1079 videbitis
2084 1055 2147 1077 me.

1377 1121 1423 1155 Et
1465 1119 1522 1154 hic
1560 1121 1773 1165 proponitur
1814 1120 2013 1164 exemplum
2049 1118 2270 1163 ignorantiae

1276 1173 1508 1220 apostolicae,
1542 1172 1652 1205 immo
1679 1171 1950 1206 incredulitatis.
2004 1169 2271 1203 praedicaverat

1277 1223 1370 1256 enim
1405 1223 1572 1257 dominus
1598 1224 1641 1256 de
1666 1223 1828 1267 passione
1851 1229 1883 1256 et
1908 1221 2164 1256 resurrectione
2187 1219 2270 1254 satis

1277 1274 1406 1313 multa,
1441 1287 1533 1321 quae
1565 1275 1726 1307 nondum
1757 1273 2020 1316 intelligebant,
2056 1284 2120 1305 nec
2147 1272 2269 1305 crede-

1280 1326 1378 1358 bant.
1431 1324 1640 1365 Modicum,
1675 1332 1707 1358 et
1741 1325 1808 1357 iam
1839 1336 1911 1357 non
1936 1323 2102 1357 videbitis
2126 1334 2199 1361 me,
2233 1321 2269 1355 id

1278 1381 1346 1412 est,
1382 1375 1602 1419 aliquamdiu
1628 1387 1700 1408 non
1725 1375 1891 1408 videbitis
1917 1386 1990 1415 me,
2025 1373 2158 1407 scilicet
2183 1380 2270 1406 tem-

1277 1437 1362 1469 pore
1389 1425 1580 1469 passionis,
1614 1437 1691 1458 cum
1718 1425 1863 1458 moriar.
1929 1422 1976 1458 Et
2001 1424 2128 1458 iterum
2154 1423 2270 1456 modi-

1278 1487 1375 1516 cum,
1403 1483 1435 1509 et
1461 1476 1626 1509 videbitis
1649 1488 1722 1516 me,
1750 1476 1784 1508 id
1812 1482 1883 1515 est,
1910 1475 2016 1518 paulo
2040 1481 2119 1519 post
2141 1474 2270 1507 iterum

1277 1526 1445 1559 videbitis
1462 1538 1528 1567 me,
1554 1526 1686 1559 scilicet
1701 1527 1762 1559 nbi
1778 1537 2012 1559 resurrexero.
2067 1523 2162 1568 Quia
2179 1524 2267 1557 vado

1277 1577 1319 1610 ad
1351 1584 1507 1622 patrem,
1544 1577 1578 1609 id
1610 1583 1677 1615 est,
1713 1588 1774 1620 per
1803 1583 1952 1609 mortem
1980 1574 2187 1619 auspicabor
2215 1586 2269 1608 re-

1492 1736 1554 1771 De
1578 1734 1644 1771 hoc
1669 1735 1847 1784 quaeritis
1874 1735 1967 1770 inter
1990 1748 2061 1772 sos,

1383 1813 1582 1847 solicitudo
1610 1810 1742 1847 Christi
1775 1825 1838 1856 pro
1870 1813 1972 1845 nobis
1996 1812 2208 1845 describitur
2233 1812 2269 1845 in

1279 1878 1338 1903 eo,
1375 1866 1468 1909 quod
1495 1863 1750 1898 haesitantibus
1776 1864 1948 1901 occurrit,
1984 1870 2015 1896 et
2040 1875 2080 1896 eo
2107 1863 2269 1907 pertinet,

1279 1923 1316 1949 ut
1340 1917 1532 1949 sentiamus
1559 1916 1680 1959 respici
1708 1915 1877 1956 afflictos,
1911 1915 2020 1947 immo
2044 1914 2147 1947 etiarn
2173 1921 2271 1947 ante-

1279 1975 1413 2000 rertere
1440 1975 1638 2009 precantes,
1675 1967 1762 1999 sicut
1788 1966 1975 2009 pollicetur
2001 1963 2123 1997 Esaiae
2144 1963 2268 1997 LXY:

1280 2017 1355 2051 livit
1376 2025 1561 2063 antequam
1582 2019 1751 2053 elunwnt,
1780 2028 1841 2057 ego
1860 2015 2021 2047 exaudiri
2040 2027 2098 2047 ros
2116 2022 2179 2049 etr.

1415 2122 1525 2158 Amen
1553 2121 1633 2157 diso
1659 2123 1777 2163 robis,
1813 2122 1901 2171 quia
1923 2121 2134 2169 plorabitis.

1382 2203 1399 2233 Χ
1417 2203 1488 2235 ides
1508 2210 1537 2235 et
1558 2201 1613 2235 hic
1635 2202 1860 2238 aldit-tiones,
1890 2202 1993 2233 sulem
2013 2210 2042 2233 et
2063 2198 2267 2234 charitatem

1279 2255 1486 2299 praedicari.
1551 2253 1678 2290 l‘orrn,
1719 2259 1898 2295 exaggerat
1927 2253 2155 2289 afflictiones.
2191 2264 2269 2284 rum

1279 2306 1341 2339 ait:
1374 2305 1533 2338 Mundus
1546 2305 1730 2346 gaudebit,
1754 2317 1824 2348 quo
1840 2304 2072 2345 significatum
2090 2311 2159 2342 est,
2181 2315 2270 2347 quo·-

1279 2359 1384 2389 uuulo
1412 2358 1601 2389 subsannet
1629 2358 1782 2388 mundns
1804 2353 2056 2397 E=.=ngeli1un‚
2086 2353 2146 2386 uhi
2171 2354 2268 2386 vidr-

1280 2409 1323 2441 rit
1358 2408 1522 2449 languere
1549 2405 1749 2447 Christum,
1785 2407 1874 2439 sicut
1905 2406 2073 2449 scriptum
2102 2413 2150 2438 est
2179 2403 2269 2439 Psal.

1280 2458 1463 2494 XXXlY.:
1503 2459 1701 2493 Adxcrsum
1727 2470 1780 2491 mc
1809 2457 1923 2491 laet-uti
1951 2464 2043 2491 sunt.
2112 2454 2155 2490 lit
2180 2454 2268 2489 Psal.

1282 2509 1398 2544 XXl:
1435 2510 1572 2543 Omnes
1603 2511 1760 2543 mit-ntes
1795 2520 1866 2545 me,
1903 2508 2101 2541 deriserunt
2126 2519 2180 2540 me
2204 2513 2267 2539 etr.

1282 2561 1403 2600 l‘orro,
1423 2563 1516 2594 unde
1532 2562 1575 2595 sit
1592 2560 1803 2603 expectanda
1818 2559 2023 2596 consolatio.
2046 2560 2140 2591 «leret
2154 2569 2267 2591 exem-

1282 2613 1360 2653 plo„
1387 2614 1480 2657 quod
1505 2613 1653 2645 subierit
1677 2612 1719 2643 de
1743 2611 1969 2654 parturiente.
2027 2609 2213 2643 l‘lorabitis
2237 2615 2270 2641 et

1283 2664 1432 2703 llebitis,
1461 2665 1533 2698 uil.
1554 2676 1631 2697 cum
1654 2663 1765 2707 patiar
1784 2673 1856 2705 ego.
