2409 2915
295 101 367 136 271

402 188 477 217 tam
496 191 572 213 eum
591 175 646 211 ad
660 188 731 210 vos.
785 172 836 206 Et
855 185 933 207 cum
959 170 1090 206 venerit
1115 169 1195 213 ille,
1222 183 1284 204 ar-

399 236 481 279 guet
506 225 681 262 mundum
703 223 744 258 de
766 229 927 272 peccalo,
955 227 985 256 et
1004 220 1226 262 (leiusticiag
1253 225 1282 254 et

403 281 444 316 de
463 278 610 314 iudicio.
664 275 723 310 De
743 279 886 322 peccato
908 271 1071 322 quidem,
1098 273 1186 320 quia
1216 284 1287 304 non

402 329 548 366 credunt
577 328 616 361 in
643 339 715 368 me,
742 324 802 360 De
827 324 975 359 iusticia
997 336 1092 364 vero,
1121 322 1209 371 quia
1237 319 1290 354 ad

400 387 542 430 patrem
574 375 683 419 cado,
725 381 755 410 et
778 373 932 424 posthac
967 387 1039 408 non
1072 372 1199 407 ridetis
1225 383 1288 404 me.

401 444 467 468 me.
519 429 579 464 De
596 426 732 462 iudicio
753 432 891 465 autem,
920 425 1008 472 quia
1031 424 1197 472 princeps
1219 419 1289 455 hu-

403 483 460 518 ius
477 478 609 515 mundi
622 479 696 513 iam
717 475 900 511 iudicatus
916 479 979 511 est.

353 540 416 577 Ad
435 539 523 575 haec
547 537 665 573 multa
688 535 805 570 habeo
825 546 918 583 quae
944 533 1043 568 vobis
1067 531 1204 572 dicam,
1229 529 1295 566 sed

405 605 476 627 non
490 589 639 637 potestis
655 592 802 635 portare
819 597 926 621 nunc.
981 580 1074 619 Cum
1095 589 1213 617 autem
1237 594 1292 615 rc-

402 643 494 677 nerit
530 639 593 673 ille
623 637 786 685 Spiritus
823 635 1004 675 veritatis,
1040 633 1140 668 ducet
1167 645 1225 667 cos
1253 633 1290 666 in

406 704 543 727 omnem
571 690 766 723 veritatem.
828 685 917 722 tVon
949 686 1044 720 enim
1077 685 1241 732 loquetur
1268 695 1291 715 a

405 741 616 788 semetipso,
646 737 712 773 sed
733 749 964 786 quaecunque
986 734 1145 769 audierit
1171 733 1293 781 loque-

404 799 482 832 tur,
511 797 540 826 et
558 803 651 838 (luae
666 789 799 835 fulin-a
821 793 906 822 sunt
925 785 1167 821 annunciabit
1184 784 1292 819 vobis,

403 843 478 878 Ille
502 854 556 876 me
581 838 825 887 glorificabit,
851 838 939 887 quia
970 835 1011 870 de
1036 848 1112 869 meo
1134 835 1293 881 accipiet,

406 900 435 928 et
459 890 702 928 annunciabit
730 888 839 925 vobis.
898 886 1037 922 Omnia
1063 896 1293 933 quaecunque

406 942 514 978 habet
546 947 666 989 pater,
711 952 789 973 mea
820 944 917 974 sunt.
978 935 1173 981 Propterea
1202 935 1294 976 dixi,

404 993 505 1042 quod
521 992 562 1027 de
577 1004 654 1026 meo
669 990 818 1038 accipiet
834 994 864 1023 et
882 987 1127 1022 annunciabit
1146 985 1257 1022 vobis.

629 1072 762 1103 Summa
786 1071 973 1109 Evangelii.

407 1142 605 1187 Descriptio
631 1149 680 1175 est
705 1140 804 1183 regni
822 1137 974 1177 Christi,
1002 1138 1164 1171 videlicet
1189 1137 1297 1170 officii

307 1196 477 1236 docendi,
505 1204 660 1227 summae
677 1190 878 1234 Evangelii,
904 1198 936 1224 et
956 1189 1220 1234 persecutionis.

408 1245 568 1279 Primum
591 1244 656 1277 ait:
686 1242 839 1286 Spiritus
870 1248 1010 1274 sanctus
1036 1247 1158 1282 arguet
1192 1252 1296 1272 mun-

308 1300 401 1333 du'm.
456 1295 524 1329 Hic
550 1293 704 1328 ostendit
730 1290 892 1326 Christus
919 1302 1065 1334 regnum
1097 1302 1198 1323 sunm
1224 1302 1296 1322 non

309 1360 380 1382 esse
412 1347 628 1380 mundanam
660 1343 839 1388 politiam,
882 1340 1046 1376 humanis
1078 1340 1236 1374 consiliis
1265 1348 1297 1373 et

308 1399 462 1438 viribus,
490 1403 551 1430 aut
574 1395 679 1428 armis
703 1394 1006 1431 constituendam,
1032 1392 1090 1423 sed
1116 1402 1187 1423 esse
1217 1402 1296 1423 coe-

308 1458 401 1492 tum,
430 1448 484 1481 cui
512 1452 646 1490 praeest
666 1444 777 1478 Filius
795 1442 878 1482 Dei,
906 1444 991 1475 dans
1017 1441 1189 1484 Spiritum
1217 1452 1298 1474 san-

309 1507 424 1539 ctum,
452 1503 654 1541 arguentem
671 1495 828 1537 singulos
843 1501 876 1528 et
892 1505 1033 1531 omnes,
1061 1492 1210 1529 scilicet,
1238 1502 1298 1535 per

310 1549 546 1584 ministerium
565 1545 761 1589 Evangelii.
804 1544 880 1578 Etsi
897 1551 1012 1577 autem
1037 1542 1126 1575 nihil
1145 1549 1195 1574 est
1212 1554 1297 1574 cou-

312 1600 452 1636 temtius
485 1610 630 1631 munere
663 1596 813 1629 docendi
844 1593 1048 1637 Evangelii,
1091 1601 1208 1626 tamen
1242 1590 1298 1625 hic

311 1661 471 1694 magnam
495 1648 686 1692 potentiam
713 1647 746 1680 el
764 1646 899 1680 tribuit.
951 1644 1040 1677 Nam
1056 1655 1219 1686 arguere,
1249 1650 1298 1676 est

309 1700 524 1749 superioriS,
550 1705 584 1732 et
606 1696 768 1731 habentis
792 1695 1027 1729 autoritatem.
1087 1692 1221 1738 Estque
1245 1705 1299 1726 re-

311 1750 495 1797 prehensio
512 1760 671 1783 errorum
692 1755 724 1781 et
742 1753 960 1792 peccatorum
981 1743 1238 1784 humanorum,
1266 1751 1299 1777 et

312 1809 361 1837 est
375 1803 492 1835 efficax
509 1799 708 1843 obiurgatio
720 1825 729 1839 ,
746 1798 895 1841 impellit
912 1797 1036 1836 corda,
1055 1803 1092 1829 ut
1110 1801 1299 1839 agnoscant

313 1855 399 1886 iram
425 1851 511 1891 Dei,
538 1851 702 1885 vulnerat
726 1856 878 1885 mentes,
907 1855 940 1880 et
968 1847 1141 1880 convertit
1164 1846 1300 1890 aliquos

313 1905 355 1937 ad
374 1902 502 1941 Deum,
531 1901 646 1944 impiis
665 1911 746 1932 vero
766 1898 962 1937 maledicit,
989 1904 1028 1929 ut
1045 1903 1146 1929 ruant
1165 1897 1201 1928 in
1221 1907 1300 1939 per-

313 1961 455 1999 petuum
491 1951 682 1985 interitum.
737 1950 836 1982 Sicut
861 1949 904 1980 ab
940 1947 1041 1980 initio
1075 1947 1110 1979 iu
1145 1944 1299 1979 Ecclesia

313 2004 468 2050 Spiritus
494 2009 633 2035 sauctus
659 2000 772 2043 arguit
795 2000 980 2033 mundum.
1042 1995 1163 2030 Noli-'ie
1188 1997 1301 2039 arguit

314 2067 415 2089 suum
433 2054 601 2087 seculum.
642 2051 772 2085 Moiscs
789 2050 901 2093 arguit
916 2047 1148 2081 Pharaonem.
1195 2046 1302 2087 Elias,
1325 2038 1327 2075 'i

315 2104 475 2140 Elisaens
493 2109 684 2147 arguerunt
699 2112 794 2144 reges
816 2100 932 2133 lsrael.
971 2098 1097 2132 Daniel
1119 2110 1214 2141 reges
1234 2097 1301 2131 Ba-

316 2156 509 2193 hilonicos.
555 2153 711 2198 Baptista
732 2151 930 2196 pontifices,
948 2149 1137 2189 Herodem,
1153 2157 1185 2182 et
1202 2149 1300 2182 alios.

318 2195 454 2240 D'einde
482 2203 664 2243 Christus,
698 2202 858 2247 Apostoli
883 2209 914 2235 et
937 2212 1149 2234 successores
1179 2212 1297 2242 argue—

317 2265 399 2291 runt
416 2257 575 2289 omnium
593 2255 750 2298 gentium
770 2251 948 2292 homines,
975 2252 1104 2284 multos
1119 2257 1301 2283 converte-

319 2359 492 2391 dixernnt.
536 2355 578 2389 Et
601 2357 664 2389 fnit
687 2357 803 2389 efficax
827 2354 979 2397 Spiritus
1002 2359 1140 2385 sanctus
1169 2352 1202 2384 in
1230 2363 1302 2384 cre-

320 2410 485 2442 dentibus
510 2407 690 2446 iuvandis,
725 2414 755 2438 et
782 2406 816 2437 iu
844 2405 961 2448 impiis
990 2403 1194 2447 puiiiendis,
1229 2414 1302 2434 ma-

321 2472 407 2503 gnae
436 2459 646 2492 nnn-itiones
672 2457 794 2489 mundi
830 2463 966 2488 secutae
992 2461 1092 2492 sunt,
1127 2461 1158 2486 et
1188 2460 1301 2485 manet

326 2670 379 2696 tus
404 2669 542 2696 sanctus
565 2661 680 2703 arguit
700 2659 915 2692 idololatrias
932 2658 1074 2696 numdi,
1098 2665 1127 2690 et
1154 2656 1303 2690 ostendit

897 87 1018 121 PHlL.
1049 85 1164 122 MEL.
1192 85 1400 121 SCRIPTA
1429 84 1727 120 EXEGETICA.

1327 2284 1329 2289 .
1356 2249 1453 2283 sticia
1476 2249 1578 2292 longe
1603 2250 1833 2282 discernenda
1852 2256 1901 2283 est
1922 2262 1939 2282 a
1959 2250 2042 2291 legis
2062 2249 2212 2283 iusticia.

319 2314 422 2347 runt,
456 2305 646 2340 Ecclesiam
677 2305 912 2347 collegerunt,
947 2310 979 2336 et
1005 2302 1162 2347 tyrannis
1193 2301 1301 2334 male·
1327 2299 1329 2309 '

2248 87 2323 123 272

1338 171 1524 205 salutarem
1547 171 1764 211 doctrinam,
1791 181 1858 214 qua
1882 169 1985 202 multi
2001 176 2256 204 convertuntur
2283 174 2326 205 ad

1310 201 1314 244 l
1337 220 1471 261 Deum,
1498 227 1532 255 et
1548 221 1637 255 fiunt
1651 221 1861 255 mutationes
1879 232 2009 253 rerum.

1441 277 1536 311 Haec
1557 277 1676 310 omnia
1704 277 1948 320 complectitur
1970 277 2116 309 verbum
2142 279 2324 320 arguendi,

1340 340 1400 362 scu
1420 325 1715 372 reprehendendi.
1769 327 1886 370 Quare
1910 328 2038 370 singuli
2063 329 2226 361 cedamus
2244 326 2326 362 huic

1339 378 1520 413 autoritati
1548 385 1580 412 et
1608 377 1803 422 potentiae:
1843 385 1876 412 et
1908 389 2070 421 rogemus
2099 377 2230 411 Filium
2254 377 2331 418 Dei,

1340 436 1380 463 ut
1391 429 1428 470 in
1445 428 1548 462 nobis
1562 440 1702 474 quoque
1718 427 1872 472 Spiritus
1889 435 2028 462 sanctus
2046 429 2089 462 sit
2106 429 2224 461 efficax
2236 453 2245 467 ‚
2272 440 2329 462 ar—

1341 487 1423 524 guat
1439 491 1561 524 pravas
1577 479 1784 522 opiniones,
1809 485 1967 522 peccata,
1995 480 2031 511 in
2050 480 2154 512 nobis
2181 486 2214 512 et
2237 479 2328 523 aliis,

1345 530 1503 575 impellat
1527 531 1648 570 corda,
1684 535 1723 562 ut
1757 536 1946 571 agnoscant
1968 529 2055 562 iram
2084 529 2160 563 Dei.
2215 528 2273 564 Sic
2301 537 2334 564 et

1344 581 1475 615 Paulus
1490 579 1596 614 Rom.
1610 581 1638 613 1.
1658 579 1790 624 inquit:
1820 578 2012 614 Revelatur
2030 579 2078 613 ira
2091 579 2155 613 Dei
2173 581 2215 613 de
2232 580 2329 613 coelo

1343 643 1448 676 super
1466 643 1607 664 omnem
1626 631 1847 675 impietatem.

1720 739 1742 762 D
1753 745 1765 762 ι·
1784 745 1797 761 s
1807 745 1821 762 e
1832 744 1845 762 c
1857 744 1873 761 u
1883 744 1899 761 n
1909 738 1924 761 d
1933 743 1957 762 o.

1581 785 1634 817 De
1658 787 1870 818 distinctione
1893 785 2133 817 doctrinarum.

1395 853 1456 889 De
1471 859 1631 902 peccato,
1659 852 1762 902 Quia
1779 868 1852 889 non
1869 853 2017 889 credunt
2037 859 2098 888 etc.

1449 920 1609 955 Mundus
1637 923 1739 955 novit
1765 929 1903 967 peccata
1928 922 2063 962 civilia,
2099 932 2159 955 seu
2185 928 2336 961 externa,

1346 979 1384 1006 ut
1408 972 1546 1013 caedes,
1573 973 1763 1013 adulteria,
1790 973 1900 1006 furta:
1936 973 1995 1006 sed
2024 972 2176 1005 radicem
2204 973 2336 1016 peccati

1348 1035 1418 1056 non
1439 1023 1556 1061 novit,
1584 1023 1749 1056 videlicet
1773 1029 1986 1056 contemtum
2004 1022 2088 1062 Dei,
2117 1029 2150 1056 et
2175 1030 2335 1056 contem-

1348 1081 1421 1108 tum
1446 1073 1529 1106 Filii
1551 1072 1617 1107 Dei
1641 1074 1781 1113 donati,
1809 1080 1848 1107 ut
1872 1074 1916 1106 sit
1934 1074 2158 1117 propiciator.
2214 1072 2335 1118 ltaque

1348 1121 1417 1157 hoc
1449 1130 1627 1167 peccatum
1654 1135 1795 1168 prorsus
1815 1124 1973 1167 ignotum
1992 1131 2041 1157 est
2059 1124 2208 1165 rationi,
2235 1124 2334 1157 vide-

1348 1175 1440 1214 licet,
1457 1175 1552 1219 quod
1570 1182 1689 1208 nostra
1709 1181 1833 1208 natura
1853 1175 1897 1207 sit
1913 1175 1977 1207 sub
1994 1181 2143 1217 peccato,
2160 1181 2194 1208 et
2214 1175 2334 1208 omnia

1349 1232 1466 1258 nostra
1487 1225 1557 1258 siut
1584 1237 1659 1264 rea,
1687 1226 1746 1258 sed
1774 1225 1823 1258 sic
1847 1232 1983 1259 tantum
2010 1225 2201 1258 liberemur
2217 1237 2235 1258 a
2255 1237 2338 1269 pec-

1348 1283 1444 1313 cato,
1470 1275 1500 1308 si
1524 1277 1708 1309 credamus
1732 1275 1862 1309 Filium
1878 1275 1943 1308 Dei
1970 1287 2041 1309 esse
2058 1276 2339 1320 propiciatorem.

1349 1325 1444 1359 Haec
1471 1337 1544 1358 non
1569 1326 1770 1360 iudicantur
1795 1339 1813 1359 a
1836 1327 1991 1366 ratione,
2016 1327 2076 1359 sed
2102 1333 2236 1359 tantum
2253 1332 2336 1360 sunt

1349 1377 1500 1409 revelata
1526 1377 1562 1409 in
1587 1375 1802 1420 Evangelio,
1836 1377 1913 1410 ideo
1939 1377 2158 1419 refragantur
2183 1374 2337 1410 humana

1350 1426 1491 1461 iudicia.
1543 1425 1694 1460 Videtur
1717 1428 1909 1460 absurdum
1932 1426 2062 1459 Filium
2082 1427 2149 1460 Dei
2173 1427 2340 1470 crucifigi,

1349 1477 1491 1510 videtur
1514 1488 1568 1510 res
1594 1477 1752 1517 inutilis,
1787 1484 1819 1510 et
1843 1477 2099 1515 commentitia,
2136 1477 2340 1520 promittere

1349 1528 1575 1561 liberatorem
1601 1540 1618 1560 a
1641 1535 1780 1572 peccato
1804 1534 1835 1560 et
1854 1535 1965 1561 morte
1982 1535 2141 1565 aeterna,
2172 1539 2232 1571 per
2249 1527 2338 1561 fidn-

1350 1578 1439 1612 ciam
1458 1576 1562 1611 huius
1579 1578 1746 1612 crucifixi.
1801 1577 1929 1621 Arguit
1957 1578 2062 1621 igitur
2089 1576 2150 1611 has
2176 1579 2339 1612 tenebras

1350 1626 1524 1663 humanae
1543 1628 1668 1662 mentis
1685 1628 1931 1671 Evangelium.

1402 1716 1461 1751 De
1481 1716 1627 1751 iusticia
1641 1746 1650 1758 ,
1679 1715 1781 1765 Quia
1806 1715 1899 1752 cado
1917 1716 1971 1751 ad
1982 1723 2123 1764 patrem
2143 1723 2203 1754 etc.

1454 1791 1614 1826 Mundus
1633 1794 1796 1837 intelligit
1816 1793 1986 1827 iusticiam
2009 1805 2080 1827 esse
2098 1793 2335 1827 obedientiam

1353 1845 1486 1887 legum,
1515 1847 1573 1877 sed
1592 1842 1750 1878 Christus
1777 1842 1833 1877 bic
1850 1843 1953 1876 aliam
1971 1844 2143 1877 iusticiam
2162 1845 2340 1888 proponit,

1353 1896 1483 1928 scilicet
1508 1906 1604 1927 suam
1632 1894 1846 1938 passionem,
1877 1895 2188 1935 resurrectionem,
2216 1907 2339 1939 perpe-

1354 1953 1448 1978 tuam
1480 1945 1782 1984 intercessionem,
1819 1953 1851 1979 et
1877 1945 2076 1979 efficaciam.
2138 1945 2225 1978 *Nam
2257 1943 2340 1980 haec

1353 1995 1471 2027 ‹nnnia
1495 1995 1755 2039 complectitur,
1789 2008 1866 2029 cum
1895 1996 1959 2029 ait:

1355 2046 1504 2086 moriar,
1532 2058 1729 2090 resurgam,
1756 2047 1932 2090 regnabo,
1959 2059 2017 2079 ero
2036 2047 2210 2079 mediator
2226 2059 2342 2080 coram

1357 2103 1470 2141 patre,
1505 2109 1564 2129 ero
1589 2097 1752 2130 salvator.
1805 2097 1934 2131 Sumus
1961 2098 2067 2139 igitur
2097 2098 2199 2138 iusti,
2227 2098 2261 2131 id
2281 2104 2343 2137 est,

1355 2148 1504 2191 accepti,
1532 2160 1603 2180 uon
1623 2148 1751 2181 nostris
1769 2148 1975 2184 strionibus,
2005 2150 2062 2181 sed
2082 2155 2223 2193 propter
2239 2146 2344 2182 Chri·

1354 2206 1445 2231 stum
1464 2198 1709 2238 mediatorem,
1735 2211 1872 2242 passum
1885 2226 1893 2239 ,
1909 2206 2123 2242 regnantem.
2178 2198 2272 2232 llaec
2291 2200 2345 2231 iu-

2267 2247 2341 2282 Etsi

1355 2300 1449 2333 enim
1474 2312 1580 2344 opera
1605 2298 1732 2333 liabent
1757 2312 1860 2333 suum
1878 2301 2012 2337 locum.
2041 2308 2156 2334 tamen
2174 2312 2245 2332 non
2264 2309 2343 2333 sunt

1357 2351 1414 2384 illa
1439 2363 1509 2388 res,
1536 2358 1678 2395 propter
1696 2363 1800 2396 quam
1823 2362 1943 2384 sumus
1962 2351 2198 2389 reconciliati,
2232 2357 2264 2384 et
2287 2363 2344 2384 ac-

1356 2402 1443 2446 cepti
1468 2400 1562 2437 Deo.
1591 2403 1648 2434 sed
1670 2409 1813 2450 propter
1836 2401 2061 2434 mediatorem
2081 2398 2260 2435 (lu-istum
2285 2413 2342 2435 su-

1328 2458 1329 2492 }
1358 2464 1434 2485 mus
1460 2453 1558 2493 insti,
1589 2453 1622 2485 id
1647 2461 1714 2491 est,
1742 2453 1869 2495 acre-pti
1898 2452 1980 2489 fide,
2016 2460 2046 2485 et
2075 2454 2250 2485 donamur
2273 2453 2342 2485 vita

323 2510 549 2543 linc-»fficium
568 2506 784 2545 inEcclesia,
803 2519 889 2551 quae
910 2506 993 2538 alias
1010 2512 1058 2538 est
1077 2505 1195 2548 magis.
1219 2504 1304 2536 alias
1328 2507 1329 2510 ’

324 2561 439 2593 minus
458 2572 560 2604 pura,
589 2559 673 2592 alias
692 2559 841 2591 maiores
860 2565 977 2589 coetus
998 2553 1119 2594 habet,
1146 2562 1182 2588 ut
1211 2567 1304 2587 muic
1328 2576 1331 2609 κ.

325 2623 444 2644 rursus
469 2611 611 2643 excitata
635 2617 682 2642 est
711 2609 848 2641 flamma
877 2607 1075 2647 lix-angelii,
1103 2618 1169 2650 qua
1191 2605 1304 2649 Spini-
1330 2630 1331 2637 1

1357 2511 1496 2537 aeterna
1516 2511 1657 2547 propter
1676 2501 1856 2535 Clu-istum
1884 2510 2025 2535 euntem
2053 2505 2093 2535 ad
2115 2510 2264 2547 patrem,
2290 2515 2343 2536 re-

1359 2555 1581 2587 suscitantem
1609 2565 1671 2586 nos
1699 2567 1716 2586 a
1742 2554 1906 2591 murinis.
1942 2561 1972 2586 et
1998 2554 2265 2588 constituentem
2290 2566 2344 2586 re-

1358 2617 1464 2646 gnum
1488 2612 1680 2639 aeternnm.
1735 2603 1921 2649 Utrunque
1947 2612 2061 2637 autem
2089 2605 2223 2647 ignorat
2241 2616 2347 2637 miin-

1359 2658 1441 2693 dus,
1469 2662 1644 2700 peccatum
1670 2662 1699 2687 et
1727 2655 1918 2697 iusticiam,
1955 2656 2088 2697 ignorat
2117 2655 2243 2688 Filium
2273 2654 2345 2693 Dei,

2006 1995 2103 2029 Vado
2130 1997 2172 2028 ad
2201 2003 2345 2040 patrem,
