2409 2915
278 95 352 133 515

280 184 371 217 vitae
388 187 545 214 aeternae
557 201 566 214 ‚
593 181 632 208 ut
647 173 762 207 Adam
780 176 856 215 post
871 170 1022 214 lapsum,
1050 168 1169 220 audita
1185 179 1269 213 pro-

281 232 465 273 missione,
494 235 527 262 et
537 225 652 260 David
670 222 788 257 audita
806 218 869 254 hac
884 232 986 261 voce,
1013 218 1190 253 Dominus
1207 219 1270 251 ab-

283 283 379 317 stulit
406 285 584 324 peccatum
610 283 730 315 tuum,
757 284 838 306 vere
858 271 1120 315 recipiebantur
1139 270 1175 302 in
1193 280 1270 312 gra—

284 335 386 371 tiam,
433 341 513 364 vere
553 328 681 361 iterum
717 324 943 358 donabantur
973 321 1109 365 Spiritu
1142 325 1271 359 sancto,

283 386 409 418 iterum
436 379 634 414 sentiebant
656 376 693 409 in
716 374 949 411 contritione,
978 372 1014 404 in
1038 371 1272 410 invocatione,

282 436 319 468 in
337 431 594 470 consolatione,
621 429 783 462 ardentes
801 431 925 461 motus.

385 484 443 518 Sic
467 483 509 515 de
534 476 818 513 reconciliatione
841 476 942 507 docet
960 471 1121 506 Christus
1140 469 1272 506 Manli.

288 536 360 571 18.:
389 532 572 570 Remittite
589 527 783 573 septuagies
800 525 936 569 septies.
990 522 1036 557 Et
1052 520 1180 557 Ezech.
1195 522 1270 556 32:

284 586 448 631 impietas
466 582 565 626 impii
584 592 656 613 non
675 576 815 611 nocebit
826 576 870 617 ei,
893 585 1104 619 quacunque
1117 573 1172 606 die
1186 584 1272 606 con—

282 648 402 670 versus
429 633 535 667 suerit
559 633 601 664 ab
623 628 803 672 impietate
828 638 900 661 sua.
955 624 1000 659 Et
1015 624 1138 657 Esaiae
1158 624 1205 657 1.:
1234 622 1272 657 Si

285 693 422 733 peccata
453 690 565 716 vestra
596 680 728 714 fuerint
763 685 802 711 ut
833 676 1035 713 coccinum,
1086 675 1185 720 quasi
1212 674 1273 707 nix

284 737 557 772 dealbabuntur.
608 729 655 765 Et
671 728 787 764 David
811 729 858 762 sic
877 733 1054 771 precatur:
1083 726 1155 759 Cor
1169 737 1273 758 mun-

282 793 366 823 dum
389 798 465 820 crea
490 784 526 816 in
547 794 601 816 me
618 781 732 821 Deus,
759 786 792 814 et
811 778 971 823 spiritum
993 784 1123 810 rectum
1143 776 1274 808 innova

284 842 320 874 in
347 837 538 871 visceribus
563 833 660 866 meis.
714 830 767 864 Ne
792 829 954 874 proiicias
981 839 1036 860 me
1061 839 1078 860 a
1101 827 1187 859 facie
1204 833 1275 866 tua,

285 899 318 926 et
328 889 500 933 Spiritum
518 891 675 919 sanctum
693 889 791 916 tuum
811 892 854 913 ne
869 880 1005 912 auferas
1017 891 1033 910 a
1045 889 1111 910 me.
1151 875 1275 910 Redde

286 939 374 975 mibi
399 937 566 972 laetitiam
590 932 752 968 salutaris
776 932 845 971 tui,
873 936 906 963 et
931 929 1057 973 spiritu
1078 933 1274 972 spontaneo

284 991 450 1026 confirma
470 1000 534 1021 me.

389 1039 457 1073 Hic
481 1035 626 1071 donatio
651 1032 806 1077 Spiritus
832 1030 961 1067 sancti,
998 1035 1029 1062 et
1053 1028 1196 1061 effectus
1220 1027 1275 1059 di-

286 1101 375 1128 serte
402 1089 659 1124 describuntur.
715 1082 872 1116 Primum
900 1079 984 1123 petit
1008 1080 1181 1112 mundum
1204 1090 1275 1117 cor,

288 1143 470 1178 videlicet,
497 1138 611 1171 deleto
638 1140 792 1180 peccato.
847 1130 988 1164 Primus
1014 1130 1107 1162 enim
1133 1129 1276 1162 affectus

286 1202 335 1229 est
354 1192 506 1237 Spiritus
530 1188 659 1227 sancti,
685 1195 826 1218 movere
850 1193 927 1222 cor,
954 1188 992 1214 ut
1009 1181 1051 1213 de
1069 1179 1276 1213 reconcilia-

286 1247 382 1281 tione
407 1255 445 1276 ac
468 1239 674 1274 remissione
700 1233 829 1280 peccati
853 1239 998 1272 statuat,
1025 1231 1076 1264 fac
1100 1238 1138 1264 ut
1163 1231 1197 1263 in
1223 1242 1276 1263 me

290 1299 403 1330 luceat
436 1293 543 1331 fides,
577 1296 616 1323 ut
646 1294 794 1322 statuam
820 1284 973 1317 deletum
1001 1294 1072 1315 esse
1097 1288 1275 1324 peccatum

287 1358 424 1385 meum,
457 1355 500 1376 ne
523 1349 556 1376 te
578 1340 728 1382 fugiam,
761 1337 819 1369 sed
843 1345 963 1367 rursus
987 1333 1027 1365 ad
1055 1339 1086 1366 te
1109 1338 1276 1376 tanquam

288 1404 420 1443 patrem
441 1394 620 1431 accedam,
646 1398 767 1423 rursus
784 1393 817 1419 te
835 1385 1008 1418 invocem.
1185 1431 1193 1440 .
1214 1432 1221 1439 ·

392 1445 529 1480 Deinde
560 1441 705 1486 spiritus
737 1443 852 1471 rectus
885 1441 934 1468 est
966 1434 1106 1473 firmus,
1147 1432 1279 1465 scilicet

288 1511 360 1533 non
384 1495 552 1530 dubitans
580 1503 676 1525 more
702 1487 919 1526 academico,
946 1486 1003 1518 sed
1024 1496 1104 1517 vere
1123 1490 1279 1517 statuens

288 1551 402 1586 Deum
430 1545 529 1579 irasci
555 1549 711 1589 peccato,
739 1551 777 1572 ac
799 1548 921 1571 rursus
942 1535 1050 1579 recipi
1068 1535 1279 1573 credentem,

290 1610 411 1635 rursus
434 1607 514 1629 vere
537 1592 714 1631 exaudiri,
743 1601 821 1622 vere
845 1599 948 1620 curae
966 1598 1037 1619 esse
1054 1586 1144 1619 Deo.
1197 1583 1279 1628 Spi-

290 1652 398 1685 ritum
431 1652 591 1680 sanctum
625 1648 722 1675 vocat
754 1637 1085 1673 sanctificationem,
1123 1633 1189 1667 boc
1219 1642 1280 1674 est,

290 1698 582 1746 gubernationem
602 1694 638 1726 in
654 1703 794 1735 genere,
817 1701 883 1732 qua
901 1699 998 1720 mens
1010 1686 1144 1730 Spiritu
1160 1691 1278 1742 sancto

290 1752 442 1796 regitur,
480 1745 683 1781 accenditur
717 1743 758 1775 ad
785 1739 1001 1783 agnitionem
1026 1744 1058 1770 et
1085 1737 1277 1794 ⁵¹!Yoe³¹¹0·

292 1815 371 1837 nem
388 1801 472 1841 Dei,
501 1805 533 1831 et
560 1796 748 1831 adiuvatur
766 1792 802 1824 in
819 1789 983 1823 omnibus
1001 1799 1154 1832 negocns
1169 1793 1203 1820 et
1219 1797 1279 1830 pe-

291 1853 432 1891 riculis,
466 1856 500 1883 et
531 1849 708 1882 frenatur,
743 1855 787 1876 ne
813 1848 892 1874 ruat
917 1845 1038 1873 contra
1063 1838 1279 1871 voluntatem

291 1904 374 1940 Dei.
430 1901 529 1935 Sicut
547 1897 678 1931 Paulus
703 1892 911 1937 generaliter
934 1889 1021 1922 dicit
1044 1890 1086 1921 de
1104 1889 1281 1930 gnberna-

294 1956 388 1988 tione
417 1950 570 1995 Spiritus
601 1945 725 1980 sancti:
757 1943 827 1987 Qui
850 1941 976 1986 spiritu
1002 1938 1067 1973 Dei
1091 1940 1282 1977 ducuntur,

293 2005 328 2039 hi
349 2011 429 2037 sunt
450 2001 510 2034 filii
530 1999 606 2033 Dei.

398 2054 576 2087 l'ostremo
601 2050 676 2081 loco
700 2049 742 2080 de
766 2043 1006 2078 consolatione
1029 2041 1129 2074 dicit:
1158 2038 1281 2074 Redde
1307 2061 1309 2065 -

296 2105 382 2140 mibi
414 2103 579 2137 laetitiam
599 2097 760 2132 salutaris
779 2096 846 2132 tui,
875 2095 908 2126 id
928 2100 993 2132 est,
1021 2105 1087 2136 qua
1108 2098 1142 2124 tn
1157 2091 1282 2132 salvas,

294 2156 473 2191 utPaulus
492 2151 622 2197 inquit:
654 2146 831 2183 ltlstificati
861 2145 927 2177 lide
955 2155 1073 2187 pacem
1099 2140 1282 2175 babemus.

297 2207 339 2241 Et
373 2206 498 2250 spiritu
526 2208 719 2247 spontaneo
746 2203 898 2231 sustenta
923 2207 996 2231 me,
1032 2194 1064 2226 id
1091 2201 1158 2233 est,
1195 2193 1282 2225 adde

298 2257 384 2291 mibi
420 2257 529 2289 robur
557 2254 591 2285 in
620 2252 744 2286 corde,
775 2260 818 2281 ne
843 2246 1000 2279 ‹lesu-iam
1027 2257 1042 2276 a
1069 2251 1120 2281 te,
1154 2245 1283 2276 fractus

298 2306 533 2353 impatientia,
562 2315 658 2337 mora
683 2307 741 2335 aut
765 2297 1025 2342 desperatione,
1052 2297 1110 2327 sed
1134 2295 1176 2328 sit
1199 2295 1282 2326 obe-

298 2359 430 2393 dientia
452 2362 642 2401 spontanea
660 2362 809 2397 sequens
826 2356 876 2388 te,
900 2356 931 2381 te
950 2347 1109 2381 intuens.
1138 2359 1154 2377 a
1173 2352 1204 2377 te
1224 2357 1282 2377 ex-

886 83 1008 120 PHlL.
1038 81 1153 117 MEL.
1179 80 1388 117 SCRIPTA
1414 79 1711 117 EXEGETICA.

2230 85 2305 122 316

1320 163 1492 203 rintb.6.:
1520 164 1566 201 Et
1583 164 1668 200 baec
1684 166 1826 212 quidem
1844 165 1979 205 fuistis,
2006 167 2067 200 sed
2085 168 2197 202 abluti
2213 171 2307 212 estis,

1321 217 1523 251 sanctificati
1545 217 1645 258 estis,
1672 217 1847 251 iustificati
1873 216 1974 257 estis,
2001 218 2145 252 nomine
2161 218 2305 254 Domini

1324 267 1400 302 lesu
1423 275 1456 302 et
1479 267 1615 313 Spiritu
1639 274 1773 301 sancto.
1825 266 1894 300 Hic
1914 267 2006 301 clare
2029 275 2193 308 testatur,
2227 282 2306 304 curn

1322 318 1528 352 remissione
1563 325 1784 363 peccatorum
1816 318 1892 351 dari
1928 317 2101 363 Spiritum
2137 327 2307 357 sanctum.

1322 368 1417 403 Haec
1441 370 1534 403 dona
1556 376 1733 413 petamus,
1761 375 1794 401 et
1812 365 1961 403 retinere
1979 370 2192 405 studeamus.

1721 468 1767 492 De
1797 470 1907 495 sexto.

1425 520 1539 554 Filius
1556 520 1724 565 prodigus
1740 520 1911 563 significat
1929 523 2134 556 violatorem
2153 523 2311 566 discipli-

1324 583 1409 610 nae,
1435 578 1468 605 et
1490 571 1550 604 ille
1574 572 1634 606 dat
1652 583 1783 616 poenas
1799 571 1948 606 violatae
1968 573 2193 618 disciplinae,
2223 575 2311 608 sicut

1324 623 1415 656 latro
1440 622 1478 654 in
1503 633 1614 657 cruce.
1668 621 1812 656 Certum
1831 630 1880 656 est
1897 623 1990 656 enim
2008 624 2215 667 disciplinae
2233 626 2310 658 vio-
2340 628 2363 638 ‘⁷

1325 673 1493 707 lationem
1519 684 1537 706 a
1555 672 1630 707 Deo
1654 673 1796 716 puniri,
1822 674 1881 706 sed
1905 681 2020 708 tamen
2044 681 2140 708 tanta
2165 682 2214 709 est
2237 687 2311 708 ma-

1325 724 1474 767 gnitudo
1502 723 1762 757 misericordiae
1778 722 1864 765 Dei,
1890 731 1928 757 ut
1952 723 2015 758 bos
2039 737 2240 770 quanquam
2262 733 2312 759 te-

1326 775 1390 808 tris
1421 773 1562 817 flagitiis
1588 774 1761 818 pollutos,
1797 781 1912 808 tamen
1940 782 2038 809 vocet
2060 777 2102 808 ad
2129 777 2311 819 poeniten-

1327 825 1409 859 tiam
1421 851 1430 865 ,
1458 831 1491 858 et
1506 836 1692 858 conversos
1710 825 1865 869 recipiat.
1919 824 1997 860 Etsi
2012 833 2128 860 autem
2146 839 2311 870 magnum

1327 877 1432 909 decus
1462 873 1610 915 habent,
1642 875 1703 920 qui
1734 876 1888 910 retinent
1917 877 2159 921 disciplinam,
2196 885 2311 911 tamen

1328 924 1391 959 hos
1407 937 1548 971 quoque
1564 926 1666 958 docet
1675 924 1768 959 Deus
1785 938 1856 960 non
1874 927 1950 961 sine
1966 935 2106 972 peccato
2123 939 2206 964 esse.
2239 928 2313 963 Ha-

1328 978 1414 1010 bent
1439 976 1532 1009 enim
1559 976 1727 1009 interiora
1751 976 1835 1011 vitia
1860 979 1989 1016 multa,
2017 979 2255 1012 dubitationes
2270 981 2314 1013 de
2363 982 2368 988 '

1328 1026 1425 1068 Deo,
1453 1033 1486 1060 et
1514 1027 1645 1060 multos
1670 1033 1825 1061 errantes
1852 1035 1985 1063 motus:
2018 1029 2096 1062 ideo
2121 1030 2196 1064 vult
2219 1028 2314 1063 Deus

1328 1075 1393 1111 hos
1423 1090 1564 1123 quoque
1591 1089 1779 1121 agnoscere
1801 1091 1899 1112 suam
1925 1079 2184 1121 infirmitatem,
2218 1087 2251 1114 et
2271 1081 2315 1114 ad

1330 1128 1559 1162 mediatorem
1577 1129 1776 1172 confugere.

1431 1194 1500 1229 Sed
1521 1195 1622 1228 multi
1642 1194 1875 1228 admiratione
1892 1195 2100 1240 disciplinae
2117 1196 2318 1237 immodica,

1330 1258 1408 1279 cum
1422 1246 1573 1279 audiunt
1589 1246 1619 1278 ei
1637 1243 1772 1277 detrabi
1788 1245 1928 1277 laudem
1944 1246 2100 1279 iusticiae
2115 1258 2231 1279 coram
2241 1245 2317 1280 Deo

1331 1296 1432 1328 irasci
1457 1293 1651 1338 Evangelio
1682 1295 1868 1339 incipiunt.
1938 1294 1977 1329 ln
2006 1293 2061 1329 his
2090 1297 2318 1331 cumulantur

1331 1353 1469 1390 peccata
1499 1346 1621 1379 crescit
1644 1346 1863 1388 arrogantia,
1899 1353 1928 1380 et
1955 1346 2082 1380 fiducia
2107 1347 2182 1387 sni,
2213 1359 2316 1392 quam

1331 1398 1430 1430 Deus
1455 1396 1604 1429 maxime
1629 1397 1839 1436 detestatur,
1874 1396 1968 1431 iuxta
1990 1397 2096 1430 illud:
2123 1399 2318 1432 Abomina-

1331 1448 1381 1482 tio
1408 1454 1459 1481 est
1479 1458 1595 1480 coram
1615 1446 1710 1486 Deo,
1737 1447 1905 1492 quicquid
1925 1447 2076 1481 sublime
2092 1455 2142 1482 est
2160 1449 2196 1481 in
2213 1461 2317 1483 mun—

1332 1500 1396 1539 do,
1423 1505 1455 1531 et
1474 1497 1607 1531 accedit
1622 1497 1745 1531 odium
1763 1496 1962 1541 Evangelii.

1436 1564 1502 1598 His
1540 1564 1635 1598 vitiis
1670 1565 1815 1598 coecitas
1848 1565 1884 1597 in
1915 1565 1964 1598 eis
1995 1565 2239 1606 confirmatur,
2281 1576 2319 1602 ut

1332 1615 1438 1650 Rom.
1464 1616 1521 1650 11.
1551 1615 1695 1648 dicitur:
1732 1613 1840 1648 Oculi
1875 1627 1996 1649 eorum
2025 1624 2251 1651 excaecentur
2278 1630 2321 1652 ne

1334 1667 1490 1700 videant.
1545 1665 1594 1699 lta
1613 1678 1706 1699 nunc
1723 1665 1843 1706 multi,
1870 1678 1949 1699 cum
1967 1665 2200 1710 Evangelium
2217 1681 2321 1714 quas-

1334 1717 1413 1750 dam
1441 1716 1588 1749 viciosas
1614 1716 1704 1759 leges
1724 1723 1833 1755 taxat,
1861 1717 2102 1750 incenduntur
2119 1718 2228 1758 odiis,
2256 1732 2320 1753 no-

1336 1767 1413 1800 lunt
1431 1767 1526 1800 enim
1543 1766 1746 1799 conturbari
1766 1773 1981 1810 praesentem
1997 1765 2144 1801 Politiae
2162 1769 2322 1811 sormam,

1334 1825 1369 1852 et
1401 1823 1606 1862 praetexunt
1637 1828 1720 1850 suae
1751 1816 1951 1850 iracundiae
1982 1817 2138 1850 studium
2170 1821 2321 1854 tuendae

1334 1869 1542 1913 disciplinae
1577 1867 1662 1901 boui
1695 1867 1850 1907 ordinis,
1891 1875 2090 1912 queruntur
2119 1869 2321 1905 labefactata

1334 1919 1523 1952 autoritate
1550 1918 1683 1961 legum,
1711 1918 1828 1950 frenos
1853 1917 1959 1950 taxari
1985 1919 2150 1953 audaciae
2169 1928 2199 1954 et
2220 1929 2321 1965 petu-

1336 1970 1462 2003 lantiae
1486 1967 1690 2003 bominum,
1719 1969 1849 2002 multos
1870 1969 1936 2001 sibi
1964 1977 2106 2014 propter
2125 1973 2320 2016 exemplum

1335 2033 1472 2054 sumere
1491 2020 1679 2053 licentiam.

1440 2086 1510 2120 Nec
1534 2098 1676 2131 prorsus
1697 2087 1811 2120 inanis
1831 2085 1913 2121 baec
1929 2096 1976 2121 est
1996 2090 2157 2133 querela,
2186 2102 2265 2124 nam
2286 2093 2320 2125 in

1335 2138 1616 2172 dissensionibus
1634 2139 1784 2181 publicis
1800 2150 1937 2182 semper
1953 2137 2034 2173 baec
2048 2140 2137 2174 mala
2149 2142 2322 2177 accidunt.

1308 2174 1309 2216 i
1336 2189 1404 2223 Sed
1429 2196 1544 2223 tamen
1570 2200 1691 2223 omnes
1716 2187 1877 2222 homines
1894 2190 1981 2223 scire
1995 2198 2150 2235 oportet.
2180 2200 2323 2237 propter

1338 2238 1422 2274 baec
1446 2240 1607 2273 scandala
1633 2253 1703 2273 non
1731 2241 1969 2275 abiiciendnm
1990 2253 2061 2274 esse
2080 2241 2322 2285 Evangelium,

1337 2293 1394 2324 sed
1416 2291 1597 2324 retinenda
1614 2298 1663 2324 est
1682 2304 1745 2324 vox
1757 2289 1954 2334 Evangelii,
1984 2292 2035 2324 vel
2053 2293 2079 2325 si
2098 2293 2226 2327 fractus
2243 2295 2319 2328 illa-

1339 2342 1442 2375 batur
1465 2342 1573 2376 orbis.
1637 2342 1729 2375 Serit
1755 2343 1916 2375 scandala
1940 2342 2047 2375 inulta
2073 2343 2253 2383 diabolus,
2284 2355 2322 2380 ut

299 2418 438 2455 pectans
461 2404 736 2441 consolationem
751 2427 759 2439 ‚
784 2401 869 2434 sicut
890 2399 924 2431 in
944 2397 1047 2431 exilio
1066 2396 1176 2430 David
1195 2394 1283 2428 tol'e-
1337 2393 1461 2426 alienet
1483 2393 1675 2426 imbecilles
1691 2394 1734 2425 ab
1753 2390 1964 2436 Evangelio,
1992 2400 2020 2425 vt
2041 2395 2221 2429 coufirmat
2242 2398 2321 2430 (Μὴ,

298 2462 387 2495 ravit
419 2457 633 2493 tristissimas
663 2464 810 2498 poenas,
849 2463 911 2483 nec
943 2447 1084 2482 fremuit
1118 2449 1284 2479 adu-rsus
1308 2438 1311 2462 ¹
1338 2442 1566 2490 luypocritica.

1308 2481 1311 2529 l
1338 2507 1401 2528 nos
1419 2507 1490 2528 esse
1509 2501 1647 2537 oportet
1666 2501 1714 2527 tot
1733 2494 1963 2527 concionibus
1981 2502 2011 2528 ot
2028 2497 2210 2539 exonnpus,
2233 2510 2322 2541 qnae

1309 2537 1313 2582 l
1338 2547 1381 2578 de
1405 2543 1458 2578 bis
1482 2546 1654 2578 scandalis
1669 2543 1860 2579 lim-tesiam
1887 2547 2098 2585 admonent,
2123 2553 2153 2580 ct
2174 2548 2321 2583 retinere

300 2513 411 2545 Deum
424 2537 431 2550 ,
462 2510 519 2543 scd
536 2511 735 2541 constanter
751 2500 983 2547 perseveravit
1004 2499 1039 2531 in
1062 2497 1283 2531 invocatione

299 2571 328 2596 ct
349 2560 585 2603 expectatione
603 2553 834 2590 liberationis.
1066 2601 1072 2607 ·

404 2612 465 2644 llis
489 2610 591 2644 dictis
616 2605 838 2641 consolemur
863 2614 944 2639 nos.
970 2608 1000 2634 ct
1028 2610 1176 2633 sciamus
1200 2611 1284 2630 ron-

302 2664 406 2697 vorsis
434 2663 530 2695 reddi
551 2663 664 2699 dona,
695 2658 779 2691 sicut
797 2653 1005 2699 generaliter
1022 2652 1151 2685 dicitnr
1172 2653 1198 2684 l.
1216 2649 1283 2681 (Io-

1627 2444 1695 2478 Sed
1722 2444 1888 2476 adversus
1916 2441 1976 2476 bas
2002 2444 2146 2478 insidias
2170 2448 2323 2482 munitos

1340 2596 1568 2638 livangclium
1593 2596 1822 2640 praecipiunt.
1888 2596 1973 2629 Nam
1999 2597 2151 2640 primum
2177 2602 2321 2633 'mnda-

1338 2655 1411 2681 tum
1430 2647 1694 2681 anteferendum
1713 2654 1759 2680 est
1780 2648 1944 2680 omnibns
1965 2647 2083 2681 rebus.
2113 2651 2186 2691 pici
2205 2651 2320 2694 putati-
