2409 2915
151 100 226 137 595
399 97 480 136 ΧΠ.

254 183 443 230 Postquam
466 192 580 220 autem
606 184 673 218 iam
690 195 750 216 cor
773 183 822 216 sic
847 183 888 216 ad
908 180 1020 216 Deum
1046 196 1130 217 con-

151 247 291 269 versum
320 242 389 276 est,
416 242 449 270 et
473 242 521 269 est
547 235 614 268 iam
639 232 715 266 Deo
740 234 961 277 copulatum,
990 240 1022 268 et
1044 235 1133 268 vivit

149 287 188 319 in
211 285 306 326 Deo,
343 293 537 331 sequuntur
561 284 662 317 etiam
689 283 833 317 virtutes
857 290 889 317 et
916 285 1132 318 ceremoniae

151 337 243 370 iusto
260 337 401 376 ordine,
428 342 460 369 et
477 336 512 367 in
530 334 592 369 tali
611 334 789 368 intellectu
802 359 811 373 ,
837 334 926 368 sicut
944 334 1019 367 vult
1036 333 1131 368 Deus

150 387 299 430 intelligi
323 393 355 420 et
377 385 450 418 fieri
475 385 623 419 virtutes
648 390 680 417 et
701 384 927 418 ceremonias.
981 384 1033 418 De
1063 383 1130 419 boc

150 437 227 482 ipso
244 436 368 470 ordine
385 435 613 468 concionatur
631 432 687 468 bic
703 433 891 468 Dominus.
928 433 1020 477 Quia
1037 433 1129 468 Pha-

148 487 253 521 risaei
275 486 377 520 etiam
401 485 584 528 dicebant,
624 485 819 519 oblationes
851 497 922 518 csse
953 497 1126 518 summum

149 537 303 577 cultum,
329 542 362 569 et
380 536 505 569 mereri
533 535 678 579 gratiam
706 543 739 569 et
757 535 876 569 omnia
900 536 1012 579 bona,
1041 536 1129 570 sicut

148 586 308 631 Papistae
332 586 374 619 de
391 585 500 619 Missa
524 587 659 621 dicunt.
711 585 757 620 Et
781 593 879 620 erant
904 587 997 629 pleni
1026 586 1127 627 odiis,

149 643 182 671 et
199 635 427 670 contaminati
444 637 644 674 adulteriis,
673 643 704 669 et
729 636 849 670 multis
873 637 1047 670 faciebant
1071 637 1128 669 in-

146 685 274 726 iurias,
292 692 324 719 et
342 693 460 734 postea
481 687 678 731 fingebant,
705 698 740 720 se
756 687 872 720 delere
888 685 972 720 haec
989 694 1126 732 peccata

145 737 264 770 omnia
278 737 473 778 sacrificiis,
501 738 598 771 etsie
621 737 843 781 negligebant
867 738 1003 782 potiora
1029 738 1126 781 legis,

144 794 185 822 ut
205 787 373 831 scriptum
390 794 441 822 est
462 786 635 823 Matthaei
653 788 731 821 25:
765 787 838 821 Vae
862 789 960 821 vobis
979 788 1038 833 qui
1064 789 1125 821 de-

145 837 280 871 cimatis
305 844 458 873 mentam
487 845 550 873 etc.
577 845 609 872 et
632 839 791 882 graviora
818 839 901 881 legis
931 838 1124 882 negligitis:

144 886 321 922 Iudicium
343 895 375 922 et
399 889 693 929 misericordiam,
718 897 751 923 et
776 889 891 923 fidem.
944 888 1036 922 Ecce
1058 886 1125 922 hoc

143 939 276 972 dictum
295 936 427 972 Christi
447 951 590 983 prorsus
615 940 707 973 idem
732 947 872 977 monet,
907 941 1002 984 quod
1028 939 1124 983 prius

142 989 234 1029 dixi,
267 990 362 1034 quod
395 990 578 1023 falsissima
616 990 659 1023 sit
690 990 892 1033 imaginatio
919 987 1124 1033 pharisaica,

143 1040 237 1084 quod
256 1046 326 1072 tota
346 1039 470 1084 religio
485 1041 528 1074 sit
547 1041 606 1074 illa
623 1041 819 1074 observatio
837 1040 1124 1079 ceremoniarum,

141 1090 201 1123 sed
218 1087 276 1122 hic
294 1102 452 1133 expresse
469 1091 719 1131 nominantur,
745 1091 828 1124 tides
849 1097 880 1124 et
902 1091 1071 1124 iudicium
1091 1098 1124 1124 et

141 1140 393 1175 misericordia.
446 1140 550 1174 Fides
576 1141 766 1184 significat,
795 1148 832 1174 ut
857 1141 971 1181 scitis,
1005 1152 1121 1173 veram

141 1189 208 1223 Dei
224 1190 437 1233 agnitionem
449 1217 459 1232 ‚
485 1198 517 1225 et
533 1192 688 1235 accipere
704 1191 971 1235 promissionem
993 1191 1123 1234 gratiae

142 1247 288 1284 propter
304 1240 434 1274 Filium
455 1242 656 1285 promissae.

246 1289 386 1324 Deinde
408 1291 578 1324 iudicium
602 1300 634 1325 et
660 1290 897 1324 misericordia
924 1290 1122 1332 significant

140 1339 287 1374 virtutes
304 1341 470 1379 morales,
500 1340 592 1374 Iuste
609 1352 709 1385 agere
734 1353 811 1374 cum
838 1338 1061 1379 hominibus,
1089 1347 1121 1373 et

96 1383 102 1389 ¹
141 1401 200 1423 eos
216 1401 289 1424 non
305 1391 441 1424 afficere
467 1391 626 1430 iniuriis,
654 1397 688 1424 et
712 1388 767 1424 his
790 1391 880 1424 bene
901 1390 1034 1432 facere,
1058 1390 1120 1423 ubi

140 1447 239 1485 potes
255 1447 288 1474 et
306 1441 411 1474 debes
425 1441 638 1477 benefacere.

245 1489 296 1525 Ita
312 1488 473 1525 hocloco
498 1492 582 1525 dicit
607 1493 650 1526 de
673 1491 814 1526 ordine:
843 1490 882 1526 Si
908 1491 961 1524 vis
985 1491 1121 1531 offerre,

141 1548 174 1575 et
191 1540 254 1575 tibi
269 1541 429 1575 conscius
446 1553 500 1583 es,
527 1544 621 1587 quod
643 1543 792 1577 alterum
815 1542 944 1576 iniuste
968 1542 1120 1583 laeseris,

140 1589 233 1625 nihil
249 1593 391 1635 prodest
408 1600 506 1626 tuum
525 1593 732 1627 sacrificium
747 1599 780 1627 et
793 1593 924 1627 oblatio
943 1599 1012 1633 tua,
1034 1593 1121 1625 scias

141 1654 216 1676 non
240 1642 377 1686 placere
401 1641 477 1676 Deo
501 1644 696 1678 oblationes
722 1655 862 1683 eorum,
889 1643 949 1687 qui
973 1643 1122 1675 veniunt

141 1704 219 1726 cum
241 1692 331 1725 mala
348 1693 558 1727 conscientia
571 1720 579 1734 ,
606 1694 642 1727 id
662 1700 729 1734 est,
753 1705 830 1726 cum
847 1693 1027 1737 proposito
1042 1704 1122 1737 pec-

141 1742 245 1776 candi
263 1743 305 1775 ad
322 1742 450 1777 Deum.

245 1791 314 1825 Sed
332 1799 471 1836 oportet
487 1793 642 1835 regulam
667 1792 815 1825 servari:
850 1792 967 1826 Milita
991 1793 1120 1825 bonam

143 1841 323 1883 militiam,
348 1842 504 1876 retinens
529 1843 632 1876 fidem
659 1849 691 1875 et
717 1843 845 1875 bonam
862 1841 1121 1876 conscientiam.

144 1892 320 1927 Sacrificia
345 1904 423 1925 cum
447 1893 538 1926 mala
564 1893 776 1927 conscientia
796 1899 878 1926 sunt
898 1892 1026 1926 derisio
1043 1890 1122 1931 Dei,

145 1943 233 1976 sicut
248 1954 349 1987 saepe
365 1943 401 1976 in
418 1941 605 1987 Prophetis
629 1942 862 1977 nominantur
885 1942 1121 1977 abominatio-

143 2004 218 2028 nes.
253 1991 300 2027 Et
315 1992 485 2028 Proverb.
504 1992 561 2028 15.
579 1994 722 2029 dicitur:
739 1992 913 2027 Victimae
929 1993 1119 2037 impiorum

144 2043 360 2077 abominatio
376 2042 550 2087 Domino,
578 2051 656 2078 vota
682 2045 853 2078 iustorum
871 2045 1020 2089 placent.
1071 2040 1120 2076 Et

146 2093 184 2126 in
211 2104 363 2134 summa,
402 2094 504 2137 plena
535 2101 586 2129 est
615 2095 785 2139 scriptura
817 2095 860 2128 de
889 2093 956 2128 hoe
985 2093 1121 2133 ordine,

147 2144 243 2189 quod
259 2143 410 2188 primum
430 2151 586 2187 oporteat
605 2145 643 2178 in
660 2145 762 2178 nobis
777 2145 881 2178 fidem
900 2156 984 2185 esse,
1001 2151 1120 2188 postea

146 2195 276 2228 bonam
298 2193 545 2228 conscientiam
568 2195 605 2228 in
626 2196 792 2240 operibus
815 2196 1019 2229 moralibus.

247 2243 369 2278 Tertio
394 2245 523 2278 debent
553 2245 650 2291 sequi
681 2246 897 2279 ceremoniae
929 2257 1007 2279 cum
1040 2255 1122 2276 vero

146 2294 336 2329 intellectu.

249 2343 317 2379 Sed
342 2345 423 2379 volo
445 2346 572 2379 addere
595 2351 730 2378 tantum
755 2343 821 2378 boc
845 2346 976 2379 dictum
1001 2342 1124 2383 Oseae,

148 2396 242 2442 quod
260 2407 361 2440 saepe
377 2403 513 2441 repeto,
536 2396 618 2440 quia
635 2395 799 2428 omnibus
815 2396 1035 2429 notissimum
1053 2405 1125 2427 esse

150 2447 266 2481 debet.
329 2444 442 2480 Oscae
468 2448 501 2482 6.
526 2447 673 2480 dicitur:
718 2445 1000 2479 Misericordiam
1033 2445 1126 2484 volo,

152 2509 224 2531 non
255 2497 479 2538 sacrificium,
517 2504 550 2532 et
579 2497 759 2531 scientiam
785 2497 870 2538 Dei,
914 2497 991 2541 plus
1021 2507 1123 2540 quam

153 2544 367 2582 holocausta.

251 2597 348 2632 Idem
365 2598 485 2638 docet,
513 2597 693 2643 quodiam
708 2597 792 2632 dixi.
844 2595 956 2630 Taxat
984 2596 1127 2629 salsissi-

153 2657 244 2681 mam
260 2648 482 2693 opinionem,
510 2659 597 2693 quae
614 2647 711 2690 fingit
721 2646 796 2681 Deo
809 2647 944 2692 placere
963 2646 1127 2680 sacrificia

205 2698 380 2735 Manui.
407 2701 511 2734 Orza.
563 2700 646 2731 Vei..
670 2699 765 2732 XIV.

533 94 924 135 ANNOTATIONES
951 95 1016 133 ET
1044 96 1320 135 CONCIONES
1348 99 1399 135 IN
1425 99 1609 141 EVANG.
1636 104 1915 148 ΜΑΤΤΗΑΕΙ.

1142 2049 1157 2687 x

2088 118 2161 155 594

1184 183 1219 216 in
1252 181 1324 224 bis,
1359 185 1419 230 qui
1450 188 1631 232 negligunt
1660 192 1874 235 agnitionem
1905 196 1990 238 Dei,
2031 202 2161 238 scilicet

1183 234 1286 267 fidem
1303 242 1335 268 et
1354 237 1648 282 misericordiam,
1675 242 1710 275 id
1738 251 1806 287 est,
1832 259 1936 291 opera
1965 255 2158 288 necessaria

1182 285 1295 318 bonae
1311 287 1554 321 conscientiae.

1282 333 1328 369 Et
1352 336 1453 369 dicit:
1482 336 1596 381 Magis
1618 341 1698 374 volo
1721 344 1899 380 scientiam
1923 348 2008 389 Dei,
2038 353 2071 385 id
2098 362 2146 388 est

1182 385 1303 425 fidem,
1337 397 1440 431 quam
1464 384 1680 426 holocausta.
1730 391 1791 426 Et:
1819 395 1933 440 Magis
1951 402 2030 435 volo
2055 383 2159 438 misej

1180 436 1388 475 ricmdiam,
1423 437 1458 469 id
1486 445 1552 479 est,
1582 439 1674 473 bona
1704 454 1810 486 opera
1843 459 1920 490 erga
1947 453 2157 496 proximum,

1179 498 1269 534 quae
1287 494 1367 520 sunt
1391 489 1581 522 necessaria
1606 492 1647 523 ad
1673 491 1802 526 bonam
1826 499 2084 537 conscientiam.

1280 544 1358 578 Hoc
1379 546 1511 580 dictum
1530 545 1644 583 Oseae
1663 553 1826 587 mandate
1848 559 2048 601 memoriae,
2075 564 2155 607 qnia

1179 602 1228 629 est
1243 596 1334 629 bona
1354 603 1386 630 et
1403 597 1501 630 utilis
1519 600 1654 642 regula,
1678 613 1718 635 ex
1735 615 1803 649 qua
1821 607 1922 640 multi
1950 620 2084 644 errores
2103 614 2156 646 iu-

1178 646 1285 679 dicari
1308 654 1464 690 possunt.

1279 696 1372 740 Papa
1391 704 1501 731 totum
1520 698 1681 744 invertit,
1710 702 1809 737 dicit:
1837 705 2143 746 MeliorestMissa

1178 758 1282 791 quam
1303 748 1388 781 fides
1410 755 1442 781 et
1458 749 1550 781 bona
1575 751 1798 786 conscientia.
1851 755 1889 790 Si
1916 763 2075 795 sacerdos
2099 741 2156 796 in.'

1176 798 1320 838 doctus,
1350 798 1497 843 impiuS,
1531 801 1669 834 adulter
1694 803 1844 839 celebret
1869 806 2033 853 Missam,
2074 814 2154 857 plus

1175 848 1261 881 boni
1288 849 1389 890 facit,
1424 861 1528 894 quam
1558 851 1648 885 alius
1679 850 1786 887 bomo
1809 864 1899 890 recte
1924 862 2086 903 credens,
2122 872 2154 898 et

1175 905 1288 932 castus
1308 900 1466 933 maritus.

1276 948 1380 983 Tales
1406 950 1542 983 furores
1565 949 1784 995 Papistarum
1810 955 1885 990 sine
1916 960 1988 994 ulla
2011 962 2153 997 dubita-

1174 998 1270 1032 tione
1285 999 1380 1033 Deus
1398 997 1617 1034 horribiliter
1635 1003 1757 1046 puniet
1774 1004 1809 1037 in
1829 1004 1893 1041 hac
1909 1011 1978 1044 vita
1990 1038 1999 1052 ,
2026 1019 2058 1045 et
2075 1021 2153 1057 post

1175 1046 1265 1083 banc
1281 1050 1401 1087 vitam.
1455 1050 1538 1084 Ideo
1555 1051 1663 1085 simus
1681 1053 1771 1086 firmi
1788 1054 1823 1088 in
1840 1058 1926 1100 fide,
1949 1068 1979 1095 et
1996 1069 2153 1106 petamus

1174 1111 1191 1132 a
1219 1099 1311 1141 Deo,
1340 1108 1379 1135 ut
1404 1101 1477 1144 ipse
1500 1099 1690 1140 Ecclesias‚
1719 1116 1808 1148 quae
1830 1110 2011 1145 veritatem
2035 1123 2153 1148 amant

1174 1157 1205 1183 et
1227 1158 1370 1192 sonant,
1404 1153 1567 1185 defendat
1592 1159 1624 1186 et
1646 1161 1778 1197 servet,
1813 1164 1845 1191 et
1874 1159 1944 1193 non
1979 1162 2069 1197 sinat
2094 1176 2149 1197 eas

1174 1201 1354 1245 dissipari,
1383 1208 1416 1235 et
1434 1209 1652 1245 expectemus
1671 1207 1922 1247 protectionem
1941 1223 1958 1245 a
1980 1211 2069 1247 Deo.

1275 1258 1370 1291 Haec
1388 1259 1479 1292 dicta
1499 1260 1567 1293 sint
1587 1261 1629 1293 de
1646 1258 1713 1294 boc
1729 1264 1870 1306 ordine,
1899 1270 1941 1302 de
1957 1270 2040 1313 fide,
2067 1285 2152 1318 ope-

1173 1309 1269 1342 ribus
1285 1309 1537 1351 conscientiae,
1564 1317 1597 1344 et
1611 1311 1800 1347 oblatione.

1640 1401 1684 1438 ΙΙ.

1275 1466 1347 1501 Iam
1370 1474 1532 1501 movetur
1557 1468 1727 1513 quaestio.

1172 1518 1520 1552 reconciliationem?

1274 1568 1343 1602 Hic
1369 1569 1485 1607 vides,
1513 1569 1607 1613 quod
1629 1567 1804 1605 Dominus
1828 1576 1996 1621 praecipit
2021 1581 2150 1624 deponi

1174 1619 1274 1662 odia,
1315 1625 1348 1652 et
1373 1630 1495 1652 rursus
1520 1619 1760 1661 reconciliari,
1798 1635 1876 1656 cum
1898 1626 2150 1669 significatione

1173 1676 1314 1703 externa
1326 1695 1336 1709 ‚
1361 1675 1399 1702 ut
1416 1669 1503 1702 alter
1523 1669 1694 1712 intelligat
1713 1672 1835 1706 odium
1853 1675 2050 1719 depositum
2067 1694 2150 1718 esse,

1273 1725 1342 1759 Sed
1371 1725 1449 1770 quis
1483 1726 1586 1759 debet
1614 1726 1770 1772 incipere
1801 1735 2148 1774 reconciliationem?

1174 1774 1407 1820 Respondeo:
1453 1775 1538 1809 Pars
1561 1776 1707 1818 iniusta,
1740 1791 1828 1823 quae
1859 1782 1957 1819 laesit
1988 1788 2134 1824 alterum

1175 1826 1277 1859 debet
1295 1826 1449 1870 incipere
1465 1827 1786 1861 reconciliationem
1797 1857 1806 1871 ,
1822 1839 1853 1866 et
1868 1842 1984 1877 petere
1998 1819 2147 1874 veniam’

1175 1883 1208 1909 et
1232 1888 1267 1909 se
1283 1875 1358 1908 Deo
1382 1883 1415 1909 et
1435 1876 1591 1909 iusticiae
1609 1877 1796 1920 subiicere,
1832 1890 1864 1916 et
1888 1882 1978 1920 hanc
2003 1869 2147 1924 humilii

1176 1933 1282 1960 tatem
1305 1925 1380 1959 Deo
1400 1932 1433 1959 et
1451 1926 1607 1959 iusticiae
1626 1935 1810 1970 praestare.

1275 1975 1344 2010 Sed
1361 1988 1465 2009 nemo
1481 1977 1632 2010 libenter
1649 1989 1683 2010 se
1701 1976 1875 2015 humiliat.
1930 1982 2010 2020 ldeo
2026 2001 2147 2025 omnes

1173 2034 1346 2072 quaerunt
1362 2033 1577 2070 praetextus,
1611 2029 1705 2072 quod
1728 2027 1879 2065 babeant
1895 2032 2001 2070 iustas
2020 2050 2137 2075 causas

1173 2086 1204 2112 ct
1223 2089 1326 2109 nemo
1351 2077 1424 2110 vult
1442 2077 1477 2109 in
1496 2079 1629 2111 mundo
1645 2076 1773 2113 habere
1788 2081 1951 2117 iniustam
1971 2099 2119 2126 causam.
2140 2070 2147 2082 ³

1274 2133 1352 2167 Hoc
1374 2134 1505 2167 malum
1530 2134 1576 2168 ita
1604 2147 1790 2171 commune
1811 2147 1878 2179 est,
1912 2150 1950 2177 ut
1972 2145 2028 2178 vix
2051 2149 2145 2182 aliud

1174 2186 1218 2219 sit
1234 2184 1474 2225 communius,
1498 2191 1530 2218 et
1546 2186 1696 2220 maxime
1719 2188 1885 2223 usitatum
1913 2199 1963 2226 est
1985 2193 2148 2240 hvpoeri-

1175 2236 1239 2276 tis,
1287 2235 1347 2279 qui
1380 2234 1501 2268 vident
1531 2236 1698 2269 festucam
1733 2238 1770 2270 in
1799 2241 1900 2274 oculo
1935 2233 2069 2289 frati-is,
2115 2257 2147 2283 et

1174 2286 1358 2329 negligunt
1372 2285 1505 2319 trabem
1522 2285 1558 2318 in
1575 2297 1636 2319 suo
1654 2287 1768 2322 oculo.

1276 2336 1345 2370 Sed
1361 2333 1418 2369 hic
1434 2336 1676 2380 unnsquisque
1691 2349 1787 2371 suam
1809 2342 2057 2379 conscientiam
2075 2347 2148 2392 ipse

1178 2387 1386 2430 interroget,
1427 2387 1567 2419 remotis
1589 2387 1659 2419 illis
1683 2391 1934 2433 praetextibus,
1975 2407 2062 2440 quos
2085 2399 2146 2432 scit

1177 2437 1320 2471 ficticios
1343 2443 1376 2470 et
1398 2434 1606 2480 sophisticos
1630 2448 1712 2473 esse.
1763 2437 1810 2473 Et
1833 2453 1911 2475 cum
1935 2447 2146 2482 conscientia

1178 2500 1256 2521 eum
1274 2488 1406 2531 arguit,
1434 2487 1550 2520 videat
1565 2493 1605 2520 ut
1623 2493 1716 2531 petat
1730 2492 2062 2532 reconciliationem.

1278 2545 1322 2580 Et
1357 2545 1465 2588 magis
1494 2544 1635 2586 accidit,
1662 2554 1700 2580 ut
1727 2547 1779 2580 illi
1803 2556 1920 2593 petant
1945 2557 2149 2591 reconcilia--

1179 2597 1332 2637 tionem,
1359 2594 1550 2640 quiiminus
1566 2605 1793 2640 peccaverunt
1805 2626 1814 2639 ,
1839 2601 1918 2645 quia
1936 2603 2068 2639 dictum
2086 2616 2150 2642 est:

1181 2646 1295 2681 Iustus
1320 2647 1355 2679 in
1381 2646 1554 2691 principio
1581 2653 1631 2681 est
1662 2656 1841 2683 accusator
1863 2652 1928 2689 sui.

1485 2696 1532 2729 38

1792 1470 1880 1515 Quis
1910 1475 2014 1512 debet
2035 1487 2151 1524 petere

1990 2654 2074 2691 lusti
2098 2659 2153 2692 in-
