2409 2915
281 102 347 135 131

646 212 784 266 Caput
821 212 897 255 IX.

334 299 429 332 Sunt
445 296 534 331 iusti
551 301 580 330 et
597 296 778 343 sapientes
796 300 826 329 el
844 307 952 343 opera
971 306 1091 329 eorum
1104 293 1141 327 in
1155 306 1267 327 manu

385 347 463 381 Dei
484 352 589 387 sunl,
614 351 644 380 el
663 359 824 380 amorem
844 351 873 380 et
893 344 1016 379 odium
1034 345 1144 379 nescit
1160 342 1268 378 homo

387 399 425 431 in
444 397 613 432 omnibus
630 410 722 445 quae
741 402 825 431 sunl
843 409 964 430 coram
982 396 1073 443 ipsa.
1128 392 1270 429 Omnia

387 446 552 483 eveniunt
585 448 758 482 simililer
784 447 971 486 omnibus,
1008 447 1122 485 iusto,
1158 445 1271 483 malo,

387 499 482 534 bono
507 505 536 534 et
562 498 717 539 mundo,
751 499 843 532 sicul
871 497 909 531 in
931 500 1069 531 mundo
1093 491 1273 546 offerenti,

391 555 421 584 el
452 563 525 584 non
556 547 734 599 offerenti.
798 547 900 582 Sicut
931 549 1042 582 evenit
1073 548 1186 589 bono,
1222 548 1273 581 sic

390 601 501 635 evcnit
527 600 717 647 peccatori.
770 598 872 633 Sicut
899 599 1010 632 evenit
1032 599 1198 647 periuro,
1223 597 1274 632 sic

391 652 502 685 evenit
529 650 673 684 timenti
696 648 972 684 iusiurandum.
1033 650 1112 684 Hoc
1130 655 1179 683 est
1195 662 1274 697 pes-

389 702 521 735 simum
540 702 714 740 omnium,
742 713 834 749 quae
853 701 920 734 sub
938 699 1022 734 Sole
1035 698 1152 746 fiunt,
1179 697 1279 748 quod

390 751 530 786 similes
559 758 645 786 sunt
675 757 830 788 eventus.
892 750 982 785 Ideo
1014 750 1123 785 corda
1157 749 1277 785 homi-

391 816 478 837 num
502 803 699 850 implentur
722 802 895 841 malicia,
923 808 952 835 e!
975 801 1140 836 stulticia
1156 806 1277 835 mane!

393 855 430 887 in
453 852 621 889 cordibus
641 867 761 889 eorum
780 854 818 887 in
836 854 937 888 onmi
952 853 1046 892 vila,
1077 851 1185 887 donec
1201 865 1279 887 mo·-

394 905 550 941 riantur.

376 979 468 1015 ·Etsi
500 981 693 1025 peregrinis
717 981 1067 1024 interpretationibus
1092 978 1177 1013 haec
1200 992 1279 1024 pars

292 1039 405 1067 textus
426 1033 609 1066 obscurata
631 1039 699 1073 est,
725 1039 842 1065 tamen
860 1032 1084 1065 manifestum
1103 1039 1154 1065 est
1170 1031 1280 1076 repeti

293 1084 471 1129 querelam
496 1084 538 1116 de
557 1081 621 1116 bac
637 1090 777 1116 externa
797 1082 924 1127 specie,
952 1095 1040 1127 quae
1057 1083 1187 1116 multos
1204 1095 1279 1116 mo—

294 1141 368 1175 vet,
403 1141 440 1167 ut
467 1141 595 1177 negent
619 1134 878 1177 providentiam
905 1140 1050 1178 propter
1075 1145 1129 1167 res
1155 1145 1280 1167 secun-

295 1187 356 1219 das
379 1185 554 1218 malorum
573 1191 603 1217 et
622 1196 675 1217 res
690 1186 852 1218 adversas
870 1185 1056 1218 iustorum.
1109 1185 1280 1218 Salomon

295 1243 410 1269 autem
438 1236 516 1268 ideo
536 1236 767 1269 concionatur
784 1236 827 1268 de
846 1233 910 1269 hac
930 1242 1070 1269 externa
1087 1236 1218 1280 specie,
1242 1242 1283 1269 ut

295 1298 359 1320 nos
390 1287 434 1319 ab
463 1298 501 1319 ea
526 1287 694 1325 abducat,
730 1299 774 1319 ne
800 1298 841 1319 ex
862 1284 916 1319 his
939 1286 1125 1320 eventibus
1148 1286 1281 1319 iudice-

295 1349 390 1370 mus:
419 1338 477 1370 sed
502 1337 702 1370 firmissima
722 1338 790 1370 fide
816 1337 1068 1381 amplectamur
1086 1349 1206 1370 vocem
1227 1338 1282 1370 di-

298 1389 436 1426 vinam,
465 1399 553 1432 quae
576 1388 745 1429 affirmat,
774 1400 863 1432 quae
879 1388 1038 1421 facienda
1057 1388 1148 1428 sint,
1175 1395 1207 1422 et
1225 1400 1284 1421 ex-

297 1439 508 1482 pectandum
527 1450 599 1471 csse
615 1439 798 1472 iudicium.
851 1437 946 1472 Haec
962 1446 1010 1472 est
1024 1439 1282 1482 simplicissima

298 1489 468 1523 sententia
487 1488 706 1531 Salomonis,
734 1490 795 1534 qui
815 1501 973 1534 expresse
993 1491 1136 1523 damnat
1155 1487 1211 1523 hic
1228 1490 1283 1523 su-

298 1553 393 1574 rores
418 1540 623 1583 negantium
647 1541 925 1585 providentiam,
953 1541 1034 1586 quia
1058 1541 1143 1574 dicit
1168 1541 1283 1574 stulti-

299 1592 387 1625 ciam
422 1603 494 1624 esse
518 1591 692 1624 exitialem
718 1591 789 1624 illis
813 1592 914 1635 ipsis,
949 1592 1009 1636 qui
1036 1598 1178 1635 propter
1200 1589 1285 1625 hacc

296 1642 490 1686 spectacula
509 1653 568 1674 seu
588 1648 765 1674 externam
783 1642 932 1685 speciem
952 1642 1120 1675 deficiunt
1137 1655 1153 1675 a
1171 1641 1257 1677 Deo.

398 1690 597 1725 Constitnta
622 1689 686 1725 hac
713 1692 971 1736 simplicissima
995 1693 1188 1732 sententia,
1216 1693 1284 1725 iam

300 1743 485 1776 refutanda
513 1749 562 1776 est
587 1743 829 1787 interpretatio
855 1741 1131 1784 monachorum,
1167 1755 1284 1788 sparsa

301 1795 335 1826 in
353 1792 546 1827 Ecclesiam
571 1794 614 1826 de
639 1791 705 1827 hoc
729 1794 839 1827 dicto:
867 1791 988 1828 Nemo
1008 1793 1075 1827 scit
1096 1806 1146 1827 an
1164 1805 1286 1827 amore

301 1841 356 1877 cel
379 1841 463 1877 odio
488 1841 624 1889 dignus
648 1843 708 1879 sil.
777 1842 946 1878 Monachi
973 1857 1045 1877 non
1072 1845 1193 1879 vident
1220 1843 1286 1878 hoc

300 1895 432 1928 dictum
456 1895 736 1929 admonitionem
761 1906 850 1934 esse,
878 1907 922 1928 ne
944 1897 986 1928 de
1007 1895 1229 1939 providentia
1247 1908 1286 1928 ex

302 1947 407 1979 rebus
429 1946 592 1979 secundis
617 1952 676 1979 aut
701 1946 857 1979 adversis
877 1946 1069 1985 iudicetur,
1083 1947 1153 1994 ,⁵⁰⁶
1173 1953 1287 1979 trans-

301 1997 419 2030 ferunt
437 1997 570 2031 dictum
590 1997 631 2030 ad
652 1997 910 2030 dubitationem
928 1997 1160 2031 conscientiae
1182 2009 1286 2042 quae-

301 2048 410 2082 rentis
433 2048 477 2081 de
502 2048 706 2081 remissione
730 2055 971 2091 peccatorum,
998 2049 1041 2081 de
1064 2061 1132 2093 qua
1152 2060 1286 2081 asseve-

301 2099 451 2132 randum
477 2105 526 2132 est
549 2111 587 2131 ex
607 2111 691 2132 voce
709 2097 913 2142 Evangelii,
943 2111 1014 2132 nou
1033 2111 1071 2131 ex
1090 2100 1286 2134 eventibus,

300 2149 528 2183 Manifestum
556 2157 605 2183 est
623 2157 738 2183 autem
763 2147 954 2183 monachos
972 2150 1061 2183 male
1078 2151 1287 2196 detorquere

301 2199 367 2233 hoc
393 2201 523 2234 dictum
548 2202 590 2233 ad
617 2201 890 2234 dubitationem.
944 2201 1037 2243 Quia
1061 2209 1152 2235 certe
1175 2203 1286 2235 saten-

301 2253 384 2285 dum
410 2259 477 2289 est,
506 2252 749 2297 delinquentes
766 2259 886 2285 contra
905 2252 1173 2293 conscientiam,
1200 2253 1287 2285 scire

301 2315 336 2336 se
356 2303 390 2335 in
409 2303 491 2335 odio
508 2314 587 2335 esse.
642 2302 754 2336 David
774 2303 913 2347 rapiens
930 2303 1114 2347 coniugem
1133 2304 1287 2344 alterius,

301 2353 362 2387 scit
390 2365 424 2386 se
449 2353 560 2386 facere
583 2354 713 2393 scelus,
742 2354 796 2387 cui
813 2353 908 2388 Deus
930 2352 1151 2388 horribiliter
1168 2355 1285 2388 irasci-

301 2413 367 2438 tur.
421 2404 634 2449 Quanquam
660 2412 773 2437 autem
802 2406 999 2440 concedunt
1024 2403 1214 2444 monachi,'
1251 2407 1285 2439 in

301 2455 436 2488 delictis
454 2462 574 2488 contra
593 2456 842 2489 conscientiam
859 2457 938 2489 sciri
958 2457 1045 2490 iram
1058 2455 1144 2497 Dei,
1170 2463 1285 2490 tamen

302 2514 418 2549 postea
448 2507 571 2540 dicunt
601 2508 644 2539 de
674 2507 851 2540 conversis
883 2519 1020 2552 semper
1048 2508 1284 2543 dubitandum

299 2569 386 2595 esse„
415 2569 457 2589 an
477 2558 518 2591 sit
539 2558 572 2590 in
592 2559 714 2600 gratia.

402 2617 592 2649 Sciendum
610 2625 658 2651 cst
678 2625 792 2651 autem
811 2618 1016 2654 certissimo,
1043 2625 1072 2651 ct
1092 2616 1180 2651 hanc
1199 2619 1285 2652 ima-

297 2668 510 2709 ginationem
535 2666 790 2702 monachorum
818 2669 938 2702 falsam
967 2676 996 2702 ct
1026 2669 1168 2712 impiam
1204 2682 1286 2710 csse,
1309 2666 1312 2697 ἷ

871 91 996 143 PHIL.
1023 91 1139 128 MEL.
1165 87 1373 127 SCRIPTA
1402 87 1700 138 EXEGETICA.

2233 90 2307 126 132

1319 183 1352 210 et
1374 187 1448 209 esse
1471 177 1684 210 deletionem
1702 174 1899 218 Evangelii.
1953 172 2048 217 Quia
2072 171 2158 209 haec
2175 182 2225 209 est
2241 187 2308 209 vox

1321 234 1460 260 externa
1492 234 1526 261 et
1551 228 1696 260 immota
1720 224 1927 269 Evangelii,
1961 231 1999 258 ut
2022 231 2162 268 agentes
2185 226 2310 270 poeni-

1321 278 1466 311 tentiam
1491 279 1559 311 fide
1584 283 1737 311 statuant
1756 288 1837 309 vere
1855 277 1922 309 sibi
1940 276 2073 309 remitti
2091 284 2249 320 peccata,
2278 283 2311 310 et

1322 341 1357 361 se
1379 328 1487 372 recipi
1513 329 1549 361 in
1574 328 1722 371 gratiam
1749 334 1892 371 propter
1908 326 2169 368 Mediatorem,
2187 334 2220 361 et
2236 328 2311 361 elu-

1323 385 1461 413 ctentur
1480 392 1520 413 ex
1535 379 1778 417 dubitatione,
1805 378 1900 411 iuxta
1920 378 2008 411 illud
2025 375 2215 421 Ephes.3.:
2243 379 2313 412 Per

1324 442 1430 477 quem
1448 431 1617 464 audemus
1632 429 1794 463 accedere
1809 428 1846 460 in
1864 429 1990 462 fiducia
2009 441 2071 473 per
2086 429 2190 461 fidem
2207 427 2313 463 Chri-

1325 481 1379 514 sti.
1433 480 1522 514 Item
1545 482 1588 514 ad
1606 478 1751 514 Ebrae.:
1779 478 1959 513 Habentes
1982 479 2085 513 talem
2102 480 2316 523 pontificem,

1326 532 1530 566 accedamus
1548 532 1591 565 ad
1611 528 1780 565 thronum
1798 530 1929 573 gratiae
1947 543 2024 564 cum
2044 531 2183 564 fiducia.

1430 606 1482 641 Ac
1511 609 1693 642 sciendum
1725 614 1776 641 est
1806 613 1968 651 oportere
1997 607 2244 641 certitudinem
2277 607 2314 640 iu

1328 666 1476 704 utraque
1492 667 1589 703 parte
1607 671 1689 694 esse.
1733 658 1847 691 David
1867 657 2008 701 rapiens
2026 658 2211 701 coniugem
2229 657 2315 691 alte-

1329 711 1422 750 rius,
1456 717 1549 743 certo
1574 711 1659 744 sciat
1682 709 1797 742 Deum
1823 706 2046 742 horribiliter
2072 709 2193 749 irasci,
2228 709 2316 742 sicut

1331 761 1551 794 verissimum
1577 768 1637 796 est.
1690 759 1736 794 Et
1761 760 1959 794 ostenditur
1984 757 2067 792 haec
2090 760 2139 792 ira
2168 760 2205 792 in
2230 771 2316 792 con-

1331 813 1431 845 cione
1454 809 1593 845 Nathan
1617 818 1650 845 et
1672 811 1880 844 tristissimis
1903 811 2036 854 poenis.
2097 809 2220 844 Postea
2245 810 2317 844 Da-

1332 863 1388 895 vid
1402 890 1410 901 ,
1438 863 1557 895 audita
1580 863 1802 895 absolutione
1821 863 1856 894 in
1876 861 2124 901 conversione,
2149 867 2318 905 repugnet

1332 913 1545 947 dubitationi
1569 919 1602 947 et
1624 920 1750 947 statuat
1769 925 1803 945 se
1820 924 1942 946 rursus
1961 912 2142 945 verissime
2157 912 2263 956 recipi
2280 913 2318 946 in

1332 965 1478 1007 gratiam
1491 991 1499 1004 ‚
1527 970 1559 997 et
1582 961 1648 996 hac
1669 964 1869 997 assensione
1886 970 1920 997 et
1938 963 2056 997 fide-se
2071 963 2175 997 etiam
2193 963 2230 996 in
2248 963 2319 996 exi-

1333 1016 1381 1048 lio
1398 1022 1432 1049 et
1451 1026 1609 1048 summus
1626 1015 1808 1047 doloribus
1825 1021 2007 1048 sustentet.

1436 1090 1505 1125 Sed
1530 1091 1705 1125 obiiciunt
1730 1088 1914 1130 monachi,
1941 1091 2012 1123 imo
2035 1087 2167 1124 habent
2191 1097 2224 1124 et
2241 1101 2321 1124 san-

1334 1143 1379 1177 cti
1398 1149 1535 1187 peccata
1553 1142 1771 1184 ignorantiae
1785 1167 1794 1180 ,
1824 1142 1902 1176 ideo
1919 1153 1991 1174 non
2005 1141 2179 1176 affirment
2195 1153 2230 1175 se
2246 1142 2320 1185 pla-

1336 1206 1412 1227 cere
1430 1192 1516 1228 Deo.
1570 1192 1801 1237 Respondeo:
1830 1191 2018 1237 Utrunque
2042 1192 2219 1225 fateantur
2241 1204 2322 1225 sau-

1335 1245 1380 1278 cti
1393 1272 1401 1285 ,
1428 1256 1462 1277 se
1485 1242 1615 1277 habere
1637 1250 1773 1287 peccata
1793 1244 2013 1285 ignorantiae
2030 1249 2063 1276 et
2079 1243 2166 1276 alios
2181 1243 2325 1277 morbos

1336 1296 1482 1335 multos,
1523 1295 1613 1328 sicut
1648 1295 1761 1339 inquit
1798 1294 1929 1328 David:
1967 1293 2045 1326 Non
2078 1294 2325 1328 iustificabitur

1337 1347 1374 1379 in
1399 1353 1587 1389 conspectu
1611 1352 1671 1379 tuo
1696 1346 1813 1378 omnis
1836 1345 1975 1385 vivens,
2003 1351 2035 1378 et
2061 1351 2174 1378 tamen
2195 1357 2229 1377 se
2249 1345 2324 1389 pla-

1337 1409 1412 1431 cere
1430 1395 1505 1429 Deo
1530 1403 1672 1441 propter
1688 1395 1923 1429 Mediatorcm
1945 1396 2032 1435 fide,
2060 1403 2092 1428 ct
2111 1402 2236 1429 tectam
2253 1407 2326 1429 esse

1337 1448 1600 1481 immunditiem
1635 1459 1654 1480 a
1685 1446 1901 1487 Mediatore‚
1940 1447 2029 1481 sicut
2059 1447 2227 1490 scriptum
2259 1453 2325 1480 est:

1339 1499 1443 1532 Nulla
1471 1511 1565 1532 nunc
1589 1498 1772 1531 damnatio
1797 1505 1848 1531 est
1870 1495 1924 1530 his
1949 1497 2008 1543 qui
2034 1498 2071 1529 in
2087 1495 2230 1532 Christo
2248 1497 2327 1531 lesu

1339 1550 1533 1583 ambulant.
1595 1549 1698 1583 ltem:
1733 1547 1831 1582 Beati
1863 1560 2015 1593 quorum
2047 1548 2211 1582 remissae
2244 1556 2327 1582 sunt

1339 1601 1560 1645 iniquitates,
1588 1607 1622 1634 et
1648 1612 1798 1644 quorum
1825 1606 1911 1633 tecta
1933 1606 2013 1632 sunt
2032 1606 2178 1642 peccata.
2232 1597 2327 1633 Haec

1339 1651 1533 1685 consolatio
1553 1658 1603 1684 est
1622 1650 1765 1694 propria
1782 1663 1846 1683 vox
1864 1648 2063 1693 Evangelii.

1449 1726 1517 1760 Sed
1553 1725 1718 1760 monachi
1759 1738 1831 1759 nou
1873 1726 2109 1767 intelligentes
2137 1727 2326 1760 discrimen

1339 1778 1426 1821 legis
1449 1785 1480 1811 et
1498 1777 1704 1821 Evangelii,
1733 1778 1895 1810 tenebras
1920 1777 1955 1809 in
1973 1775 2165 1810 Ecclesiam
2184 1778 2326 1811 invexe-

1341 1835 1435 1862 runt.
1478 1828 1601 1861 Postea
1627 1826 1693 1861 hoc
1718 1828 1852 1861 dictum
1876 1827 2081 1861 Salomonis
2105 1829 2329 1863 detorserunt

1340 1881 1382 1912 ad
1411 1891 1472 1912 sua
1502 1879 1753 1918 deliramenta,
1787 1890 1865 1911 curn
1890 1877 2059 1911 Salomon
2092 1876 2157 1912 hoc
2189 1886 2328 1913 tautum

1341 1937 1435 1972 agat,
1463 1928 1514 1963 Ne
1537 1941 1577 1963 ex
1601 1929 1715 1973 specie
1731 1935 1872 1963 externa
1892 1929 2105 1967 iudicemus,
2132 1937 2164 1964 et
2185 1931 2327 1976 quidem

1340 1982 1487 2014 deducat
1507 1992 1570 2014 nos
1587 1981 1628 2013 ad
1649 1981 1794 2014 verbum
1809 1979 1886 2014 Dei.
1941 1979 2055 2014 David
2075 1993 2117 2014 ue
2133 1993 2167 2015 sc
2185 1982 2328 2027 quidem

1341 2032 1459 2065 audita
1485 2032 1706 2065 absolutione
1729 2031 1861 2065 iudicet
1882 2031 2056 2065 abiectum
2075 2044 2164 2073 esse,
2192 2033 2329 2067 etiamsi

1341 2090 1390 2116 est
1415 2083 1450 2115 in
1477 2083 1615 2126 maguis
1639 2083 1778 2127 poeuis,
1805 2089 1836 2116 et
1856 2090 2000 2117 eventus
2020 2083 2107 2117 iram
2127 2083 2191 2117 Dei
2211 2093 2328 2118 osten-

1341 2134 1410 2175 dit,
1437 2135 1494 2167 sed
1521 2146 1593 2167 non
1620 2145 1659 2167 ex
1684 2141 1829 2172 eventu,
1858 2146 1980 2167 verum
2005 2146 2043 2167 ex
2061 2135 2168 2168 verbo
2187 2135 2255 2170 Dei
2275 2136 2329 2169 iu-

1341 2186 1457 2218 dicare
1479 2185 1592 2218 debet.
1645 2184 1762 2219 Multo
1787 2185 1904 2218 miuus
1928 2197 1967 2218 ex
1994 2186 2107 2229 specie
2126 2193 2268 2221 externa
2286 2188 2329 2221 de

1341 2237 1418 2269 aliis
1443 2237 1590 2270 iudicet:
1619 2243 1765 2284 pereunt
1792 2237 1913 2269 codem
1939 2238 2045 2270 modo
2062 2236 2147 2270 Saul
2170 2244 2201 2270 et
2225 2237 2327 2271 Iona-

1341 2285 1438 2326 thas.
1466 2299 1529 2320 nec
1553 2288 1750 2321 discernere
1775 2285 1838 2321 hos
1856 2294 2000 2320 eventus
2019 2285 2172 2320 humana
2191 2289 2330 2333 sapien-

1341 2339 1387 2372 tia
1407 2345 1538 2382 potest,
1568 2340 1625 2371 sed
1645 2339 1805 2373 doctrina
1817 2336 1993 2371 Ecclesiae
2009 2339 2189 2374 discernit.
2243 2337 2329 2374 Exi-

1341 2397 1396 2423 tus
1414 2390 1497 2425 Saul
1520 2391 1680 2431 congruit
1700 2403 1777 2423 curn
1799 2389 1936 2432 regula:
1967 2389 2037 2432 Qui
2057 2390 2212 2431 gladium
2232 2404 2329 2426 acce-

1341 2441 1450 2485 perit,
1499 2442 1617 2483 gladio
1651 2441 1788 2485 peribit.
1869 2439 1990 2474 leitus
2025 2440 2191 2475 louathae
2223 2438 2327 2477 habet

1341 2493 1425 2525 alias
1449 2505 1583 2525 causas:
1612 2493 1693 2537 quia
1719 2491 1811 2524 Dens
1833 2500 1933 2525 antra
1959 2499 2104 2526 testatus
2127 2500 2193 2534 est,
2224 2492 2328 2528 lona-

1341 2541 1423 2575 thau
1455 2543 1522 2576 sihi
1552 2544 1704 2587 placere.
1741 2544 1798 2575 scd
1825 2543 1937 2576 sciunt
1966 2541 2131 2577 lunathas
2155 2551 2185 2579 et
2213 2542 2327 2579 Daxid

1339 2606 1476 2635 causas,
1506 2607 1613 2639 quaro
1634 2592 1785 2628 Ecclesia
1806 2595 1898 2627 cruci
1919 2595 2072 2629 subiecta
2089 2595 2144 2629 sit.
