2409 2915
136 145 186 180 25

236 229 307 265 Sed
331 240 396 262 vox
413 227 531 261 divina
549 227 669 267 docet,
695 237 813 259 causas
840 237 912 258 esse
937 226 1112 259 bonorum

135 287 343 318 eventuum,
362 291 434 312 non
450 278 586 310 labores
602 275 786 310 hominum
797 277 909 319 solos,
926 276 984 309 sed
996 277 1113 309 Deum

136 333 315 366 iuvantem
341 330 449 362 iustos
476 328 631 365 labores,
667 334 700 361 et
722 325 907 360 hominum
945 328 1113 360 obedien-

135 384 220 418 tiam
246 382 282 414 in
307 378 499 414 vocatione.
551 377 634 411 Ideo
656 389 813 419 expresse
830 378 956 410 tradita
980 384 1028 411 cst
1051 388 1111 410 ne-

135 434 246 477 gativa
271 429 479 474 propositio:
506 426 581 461 Nisi
603 427 773 461 Dominus
799 427 1033 462 aedificaverit
1049 429 1113 460 do-

136 494 244 520 mum,
268 482 394 514 frustra
411 480 544 512 laborat
560 479 621 523 qui
637 478 793 512 aedificat
818 489 903 512 earn.
941 478 1024 511 Item
1043 476 1112 511 Ec-

134 534 196 567 cle.
215 531 264 567 9.:
289 530 368 564 Non
385 536 435 563 est
451 530 623 563 velocium
641 540 780 566 cursus,
797 540 860 561 nec
877 529 1020 562 sortium
1039 529 1113 562 bel-

133 584 227 622 lum,
256 593 320 614 nec
342 580 553 624 sapientium
577 580 690 624 panis.
742 577 789 612 Et
814 578 904 613 Psal.
924 580 1003 615 3:52
1032 579 1112 612 Fal-

132 634 189 666 lax
214 643 324 678 equus
349 632 390 664 ad
416 631 575 666 salutem.
628 629 674 663 Et
698 629 789 663 Psal.
807 627 884 665 59.:
912 629 991 663 Non
1017 641 1115 672 egre-

131 683 239 717 dieris
254 682 349 716 Deus
370 682 408 715 in
425 681 615 715 virtutibus
632 680 772 714 nostris,
826 681 877 713 Da
896 681 998 713 nobis
1016 680 1114 713 auxi-

132 735 220 767 lium
244 734 287 767 de
307 732 557 775 tribulatione,
593 743 682 764 vana
713 731 805 763 salus
835 729 1000 765 bominis.
1067 729 1114 763 Et

131 784 251 820 Hiere.
265 784 339 819 10.:
366 782 447 817 Scio
462 781 614 816 Domine
629 794 702 815 non
718 788 769 814 est
786 781 941 815 hominis
956 782 1011 814 via
1029 781 1112 813 eius.

131 833 257 870 Ioban.
282 835 335 868 3.:
368 833 448 867 Non
477 840 590 877 potest
623 833 690 865 sibi
724 830 830 865 homo
855 844 990 865 sumere
1014 831 1113 876 quic-

132 898 258 931 quam,
292 884 361 917 nisi
391 885 511 917 datum
537 883 581 917 sit
605 883 635 916 ei
658 895 676 916 a
698 881 784 916 Deo.

131 936 217 971 Sine
241 947 296 968 me
318 932 410 967 nihil
440 935 583 978 potestis
607 935 732 968 facere.

130 998 204 1020 non
232 983 423 1029 prohibent
453 985 610 1018 laborem
642 983 856 1022 vocationis,
897 984 956 1016 sed
987 984 1114 1016 docent

130 1038 306 1071 honorum
324 1042 514 1069 eventuum
531 1046 669 1068 causam
696 1045 788 1074 esse,
813 1046 885 1066 non
911 1034 1019 1066 solam
1044 1031 1114 1065 bo-

130 1088 267 1121 minum
303 1086 510 1130 sapientiam
547 1092 579 1118 et
620 1085 712 1117 solos
745 1082 930 1117 bominum
964 1084 1114 1116 labores.

129 1137 309 1172 Damnant
328 1136 436 1180 igitur
451 1135 612 1168 fiduciam
628 1134 751 1169 nostri.

230 1187 355 1221 Postea
382 1198 448 1219 vox
473 1185 593 1219 divina
618 1184 801 1227 coniungit
824 1182 886 1217 has
909 1195 1027 1217 causas
1049 1184 1114 1216 bo-

129 1250 259 1272 norum
277 1243 482 1276 eventuum,
508 1235 623 1269 Deum
649 1235 827 1268 iuvantem
856 1235 992 1267 labores
1010 1247 1111 1267 voca—

130 1289 248 1328 tionis,
266 1286 543 1322 etobedientiam
562 1292 716 1319 nostram
735 1285 771 1317 in
784 1285 975 1318 vocatione.
1004 1285 1110 1317 Prae-

129 1339 213 1383 cipit
229 1338 335 1381 igitur
350 1338 487 1371 labores
514 1336 644 1376 iustos,
671 1343 903 1378 congruentes
922 1335 1111 1376 vocationi,

128 1397 168 1424 ut
191 1388 390 1423 Ecclesiast.
416 1386 467 1421 9.:
504 1385 684 1432 Quicquid
712 1393 824 1430 potest
848 1386 959 1419 facere
988 1397 1113 1418 manus

128 1447 207 1481 tna,
234 1451 379 1483 operare
396 1437 561 1471 omnibus
583 1437 730 1472 viribus.
782 1435 828 1470 Et
848 1437 881 1471 1.
899 1434 1111 1471 Thessa.4.:

129 1490 294 1525 Studiose
310 1487 376 1523 hoc
390 1488 517 1532 agatis,
543 1494 581 1522 ut
601 1488 677 1520 sitis
699 1487 827 1532 quieti,
852 1494 883 1520 et
902 1488 1044 1530 propria
1061 1488 1112 1520 fa-

129 1542 248 1582 ciatis,
275 1547 309 1573 et
325 1539 490 1573 laboretis
509 1539 672 1572 manibus
690 1538 825 1572 vestris,
878 1537 923 1571 Et
936 1536 1046 1572 Gene.
1060 1538 1110 1571 3.:

128 1593 170 1626 In
194 1592 321 1626 sudore
346 1591 465 1623 vultus
490 1590 541 1623 tui
565 1590 726 1622 comedes
749 1600 873 1632 panem
901 1595 1013 1623 tuum.
1067 1587 1113 1621 Et

127 1643 218 1677 Psal.
239 1641 337 1676 127.:
371 1640 524 1674 Labores
550 1651 717 1673 manuum
742 1646 880 1672 tuarum
905 1640 986 1683 quia
1011 1651 1112 1671 man-

129 1692 292 1731 ducabis,
307 1692 429 1723 beatus
446 1701 498 1729 es,
515 1696 547 1722 et
565 1690 652 1722 bene
668 1689 731 1722 tibi
752 1689 828 1723 erit.
880 1687 928 1722 Et
945 1689 1111 1722 Proverb.

132 1743 207 1776 10.:
235 1741 365 1775 Manus
382 1740 585 1772 sedulorum
603 1739 699 1771 dives
715 1738 789 1770 erit.
843 1737 910 1771 Sed
930 1739 1110 1770 sciendum

128 1798 179 1824 est
211 1788 275 1823 hos
299 1789 435 1821 labores
463 1790 508 1821 ita
531 1789 648 1821 felices
674 1799 764 1826 esse,
802 1795 837 1820 et
869 1789 965 1831 sequi
1000 1788 1110 1819 bonos
1136 1831 1137 1836 1

126 1848 289 1880 eventus,
316 1851 394 1872 cum
416 1837 510 1871 Deus
536 1838 678 1870 adiuvat
705 1837 904 1870 laborantes
926 1838 1020 1870 iuxta
1045 1850 1108 1869 vo-

128 1892 315 1926 cationcm.

226 1939 393 1974 Traditae
417 1945 498 1972 sunt
519 1938 626 1981 igitur
649 1937 898 1981 promissiones
916 1937 957 1969 de
976 1936 1107 1969 anxilio
1134 1964 1135 1970 ,

125 1993 267 2033 divino,
283 1999 316 2025 et
334 1991 495 2023 mandata
514 1990 556 2022 de
574 1989 814 2026 invocatione,
832 1995 869 2020 ut
888 1987 982 2020 Deus
999 1999 1108 2030 agno-

199 2056 252 2077 ur.

123 2051 331 2131 {ti-batione
348 2092 482 2135 privata
509 2097 543 2124 et
560 2090 718 2134 publica,
745 2096 783 2122 nt
802 2089 861 2123 36.
878 2088 986 2122 Psal.:
1015 2088 1108 2121 Sub-

126 2148 220 2181 ditus
245 2151 317 2177 esto
343 2141 435 2182 Deo,
463 2148 496 2175 et
518 2154 578 2174 ora
606 2153 695 2175 eum.
756 2140 859 2173 Item:
888 2138 1106 2172 Commenda

125 2197 203 2232 Deo
228 2195 320 2227 viam
346 2200 458 2232 tuam,
483 2199 515 2225 et
541 2203 639 2236 spera
664 2192 700 2223 in
729 2203 824 2230 eum,
854 2190 975 2234 etipse
998 2190 1107 2222 saciet.
1132 2226 1134 2231 Ι

125 2247 172 2282 Et
196 2245 289 2279 Psal.
316 2243 390 2277 33.:
426 2241 504 2276 Non
533 2249 584 2275 est
607 2242 727 2285 inopia
753 2241 957 2275 timentibus
981 2239 1107 2274 Deum,

124 2297 173 2334 Et
186 2297 279 2331 Psal.
295 2294 375 2330 54.;
400 2291 492 2326 lacta
520 2292 555 2324 in
578 2291 691 2325 Deum
711 2304 828 2324 curam
848 2299 954 2332 tuam,
982 2298 1015 2323 et
1035 2291 1107 2333 ipse

124 2358 158 2386 te
183 2345 403 2382 sustentabit.
455 2343 546 2379 Psal.
573 2343 647 2377 90.:
677 2341 858 2385 Protegam
884 2355 981 2380 eum,
1018 2353 1106 2385 qno-

125 2401 221 2435 niam
247 2395 412 2440 cognovit
435 2405 564 2427 nomen
593 2405 730 2432 meum,
765 2405 843 2425 cum
868 2393 942 2436 ipso
965 2404 1041 2425 sum
1070 2391 1105 2423 in
1132 2414 1133 2424 i

420 2443 510 2478 Dan.
534 2447 586 2479 2:
623 2444 689 2478 Dat
713 2443 916 2487 sapientiam
940 2442 1106 2486 sapienti·
1132 2470 1133 2481 ,

124 2449 367 2487 tribulatione.

125 2505 210 2542 bus,
238 2506 271 2533 et
294 2497 475 2531 scientiam
498 2495 790 2538 intelligentibus.
844 2493 1012 2527 Proverb.
1032 2493 1107 2528 16.:

124 2553 196 2589 Cor
210 2549 366 2585 hominis
383 2547 510 2590 cogitat
527 2546 619 2579 viam
645 2557 762 2585 suam,
786 2546 843 2577 sed
863 2544 955 2577 Dens
980 2544 1108 2576 confir-

125 2610 200 2639 mat
222 2611 358 2645 gressus
382 2599 466 2632 eius.
519 2596 686 2630 Proverb.
709 2597 785 2631 21.:
814 2594 937 2640 Equus
966 2601 1108 2638 paratur

128 2656 171 2689 ad
188 2654 280 2687 diem
299 2650 403 2690 belli,
426 2647 522 2682 Deus
547 2654 662 2681 autem
688 2648 747 2680 dat
770 2646 966 2680 victoriam.
1019 2644 1106 2678 Pro-

130 2706 223 2740 verb.
239 2703 320 2739 20.:
348 2700 397 2735 Ut
415 2700 537 2734 oculus
554 2698 687 2739 videat,
702 2705 735 2732 et
752 2698 847 2732 auris
863 2696 995 2735 audiat,
1011 2693 1106 2729 Deus

553 143 599 176 X.
649 137 953 176 EXPLICATIO
983 136 1389 176 PROVERBlORUM
1417 140 1717 180 SALOMONIS.

837 881 883 916 Et
909 880 1031 915 Iohan.
1059 879 1118 915 5.;Δ

793 931 889 966 Haec
912 932 1113 966 testimonia
1138 954 1140 964 ‚

306 2042 392 2075 Item
409 2047 447 2074 ut
464 2046 671 2084 agnoscatur
687 2039 880 2083 praesentia
899 2038 972 2070 eius
990 2038 1025 2070 in
1044 2049 1108 2081 gu-
1133 2043 1135 2076 ξ

2094 145 2142 180 26

1136 223 1244 258 lsacit
1274 231 1463 271 utrunque.
1516 226 1638 262 Esaias
1660 229 1736 265 46.:
1771 227 1846 273 Ego
1876 230 1938 262 feci
1964 241 2043 267 vos,
2080 241 2140 271 ego

1163 277 1302 319 gestabo
1323 288 1384 309 vos
1408 277 1512 310 etiam
1537 279 1572 310 in
1596 287 1741 315 senecta.
1793 280 1873 316 lisa.
1893 280 1967 316 40.:
1998 280 2143 313 Gestavi

1164 338 1225 359 vos
1240 327 1328 360 sicut
1347 334 1464 371 pastor
1489 328 1654 362 lactentes
1671 342 1787 372 agnos.
1842 331 1944 366 Deut.
1960 331 2035 367 30.:
2067 331 2143 374 lpse

1164 384 1216 411 est
1239 377 1310 410 vita
1328 384 1403 418 tua,
1429 385 1461 410 et
1480 378 1664 422 longitudo
1683 381 1818 413 dierum
1835 390 1988 415 tuorum.
2040 381 2142 415 Deut.

1164 428 1214 463 8.;
1250 427 1330 460 Non
1355 428 1391 460 in
1414 429 1488 461 solo
1514 441 1603 472 pane
1626 430 1714 463 vivit
1736 428 1860 473 bomo,
1894 433 1951 465 scd
1978 433 2015 464 in
2045 431 2144 465 omni

1164 479 1271 511 verbo
1289 479 1382 522 quod
1402 481 1558 522 procedit
1574 492 1613 513 ex
1632 493 1692 513 ore
1710 479 1787 515 Dei.
1842 481 2042 518 Exod.19.:
2071 480 2144 514 Ge—

1163 530 1250 562 stavi
1268 540 1328 561 vos
1354 540 1458 573 super
1474 530 1544 563 alas
1560 531 1771 576 aquilarum.
1824 531 1926 566 Dent.
1946 532 1994 565 8.:
2022 532 2072 565 Ne
2090 533 2144 565 di-

1164 586 1236 619 cat,
1261 579 1432 613 fortitudo
1452 592 1527 613 mea
1553 589 1585 615 et
1602 593 1724 614 manus
1747 594 1842 616 meae
1868 580 1952 615 haec
1974 580 2061 614 mibi
2085 583 2144 615 de-

1164 631 1311 669 derunt,
1338 631 1397 663 sed
1416 632 1610 664 recorderis
1628 632 1851 666 DominiDei
1871 633 1933 674 tui,
1961 634 2054 678 quod
2071 632 2145 676 ipse

1165 682 1255 713 vires
1275 681 1339 713 tibi
1357 683 1570 725 praebuerit.

1265 730 1361 765 Haec
1376 739 1409 766 et
1425 733 1551 765 similia
1569 733 1766 766 testimonia
1783 735 1926 781 prodest
1943 734 1981 766 in
2000 745 2145 777 conspe-

1164 788 1221 815 ctu
1247 780 1394 823 habere,
1420 790 1459 816 ut
1483 783 1768 826 imaginationem
1793 782 2010 828 prophanam
2029 784 2147 817 eiicia-

1164 843 1242 866 mus
1256 845 1295 865 ex
1312 834 1458 874 animis,
1486 846 1549 867 nec
1567 834 1783 867 confidamus
1807 842 1925 868 nostra
1950 834 2143 876 diligentia,

1165 890 1224 916 aut
1249 884 1378 916 nostris
1402 885 1555 924 viribus,
1581 886 1639 917 sed
1662 897 1740 918 vere
1767 887 1969 925 credamus,
1997 885 2043 917 ita
2068 891 2147 918 tan-

1164 940 1238 967 tum
1263 934 1400 967 labores
1425 942 1564 967 nostros
1590 936 1705 968 felices
1722 947 1811 975 esse,
1839 948 1917 968 cnm
1943 948 1960 968 a
1980 934 2055 968 Deo
2081 936 2146 967 ad-

1164 984 1349 1025 iuvantur,
1377 992 1409 1019 et
1428 992 1584 1029 petamus
1602 986 1771 1018 auxilium
1790 985 1874 1024 Dei,
1903 986 1996 1020 iuxta
2011 985 2144 1017 dictum

1164 1034 1311 1067 Psalmi:
1339 1035 1556 1069 Commenda
1576 1036 1649 1069 Deo
1667 1036 1758 1068 viam
1784 1044 1898 1076 tuam,
1927 1043 1959 1069 et
1982 1046 2080 1080 spera
2107 1035 2143 1067 in

1165 1096 1263 1125 eum,
1283 1093 1314 1118 et
1332 1086 1404 1130 ipse
1417 1087 1530 1120 faciet.
1581 1085 1626 1120 Et
1645 1085 1812 1120 Proverb.
1832 1087 1906 1120 16.:
1925 1085 2144 1120 Commenda

1164 1135 1240 1168 Deo
1266 1149 1370 1180 opera
1393 1143 1469 1176 tua,
1505 1143 1536 1170 et
1569 1137 1768 1180 dirigentur
1796 1137 2024 1180 cogitationes
2053 1143 2145 1170 tuae.

1164 1185 1265 1219 Hanc
1282 1188 1436 1230 regulam
1458 1187 1548 1221 vitae
1572 1187 1608 1220 in
1632 1188 1797 1221 omnibus
1813 1188 1970 1221 consiliis
1990 1193 2022 1220 et
2039 1198 2147 1229 nego-

1165 1237 1227 1269 ciis
1245 1238 1463 1278 intueamur,
1490 1237 1667 1271 faciendos
1693 1250 1764 1271 esse
1783 1239 1920 1271 labores
1937 1237 2142 1277 vocationis,

1165 1295 1197 1320 et
1213 1290 1403 1331 petendum
1425 1295 1457 1321 et
1472 1290 1722 1331 expectandum
1740 1290 1910 1322 auxilinm
1930 1301 1947 1321 a
1965 1287 2052 1323 Deo.
2094 1286 2141 1321 Et

1164 1339 1376 1382 adiungatur
1401 1337 1469 1372 huc
1493 1339 1653 1373 doctrina
1680 1341 1722 1372 de
1749 1339 1971 1373 invocatione
1988 1337 2072 1378 Dei,
2099 1339 2143 1370 ‹le

1166 1390 1472 1434 promissionibus.

1266 1440 1446 1474 Praeterea
1465 1447 1497 1474 et
1515 1438 1581 1473 hoc
1599 1441 1850 1482 consideretur,
1867 1437 2040 1474 Etbnicos
2058 1451 2146 1484 quo-

1164 1503 1232 1536 que
1257 1492 1467 1535 experientia
1493 1498 1630 1525 coactos
1655 1492 1778 1533 fateri,
1805 1503 1904 1535 saepe
1931 1490 2145 1534 potentiores

1166 1550 1199 1576 et
1215 1543 1442 1586 sapientiores
1462 1542 1555 1574 vinci
1569 1569 1577 1583 ,
1596 1543 1758 1575 videlicet
1778 1555 1854 1575 cum
1873 1548 1931 1575 aut
1949 1541 2078 1573 iniusta
2095 1541 2146 1573 sa—

1165 1594 1281 1633 ciunt‚
1315 1600 1347 1626 et
1369 1605 1440 1626 non
1466 1593 1656 1625 neccssaria
1694 1599 1836 1626 movent
1870 1592 1995 1625 fidncia
2019 1591 2147 1623 virium

1165 1656 1329 1682 suarum,
1364 1650 1396 1676 et
1421 1644 1541 1675 multis
1566 1644 1691 1675 fidncia
1716 1644 1845 1675 virium
1871 1654 2012 1675 suarum
2042 1641 2147 1674 exitio

1137 1702 1139 1716 s
1164 1695 1249 1733 snit,
1302 1694 1389 1726 sicut
1422 1694 1463 1725 de
1489 1691 1595 1725 Aiace
1627 1693 1771 1723 dicitur:
1825 1692 1913 1725 Cum
1942 1692 2083 1723 dixisset
2113 1702 2148 1723 se

1136 1767 1138 1770 .
1165 1744 1268 1775 ctiam
1293 1744 1366 1773 sine
1391 1741 1464 1774 Deo
1486 1741 1623 1773 vincere
1650 1753 1767 1784 posse,
1797 1747 1938 1784 propter
1965 1738 2055 1773 hanc
2082 1740 2147 1772 im-

1164 1793 1256 1836 piam
1281 1791 1443 1824 fidnciam
1466 1791 1520 1823 sni
1548 1791 1709 1834 punitum
1731 1802 1802 1823 esse
1825 1792 1960 1831 surore,
1989 1803 2057 1835 quo
2081 1791 2147 1823 sibi

1135 1845 1138 1862 l
1163 1849 1310 1874 mortem
1332 1841 1511 1874 conscivit.
1563 1840 1609 1874 Et
1627 1853 1726 1884 saepe
1751 1841 1916 1873 recitatur
1940 1839 2084 1874 historia
2104 1842 2146 1873 (le

1165 1892 1300 1925 Milone
1311 1891 1527 1931 Crotoniata,
1545 1892 1604 1936 qui
1623 1904 1700 1924 cum
1721 1892 1902 1924 indivulsa
1920 1892 2044 1924 arbore
2063 1889 2147 1924 hae-

1162 1950 1263 1982 reret,
1280 1943 1450 1975 laceratus
1469 1949 1519 1975 est
1536 1955 1553 1975 a
1572 1942 1677 1986 lupis.
1704 1939 2069 1985 Etsselleropbontem
2080 1941 2146 1975 Po-

1161 2005 1262 2035 gasus
1290 1994 1456 2032 excussit,
1495 2005 1572 2025 cum
1603 1993 1706 2025 vellet
1740 1990 1859 2025 invehi
1892 1993 2040 2026 coelum.
2101 1991 2147 2026 Et

1162 2045 1287 2077 Perseo
1310 2045 1450 2077 tandem
1468 2044 1535 2077 suit
1551 2044 1653 2077 exitio
1670 2051 1771 2088 caput
1790 2042 1979 2087 Gorgonis.

1544 2169 1680 2222 Caput
1710 2169 1785 2210 xl.

1210 2249 1370 2286 Libram
1380 2250 1669 2301 fraudulentam
1691 2251 1930 2284 abominatur
1941 2249 2142 2288 Dominus,

1262 2309 1292 2337 el
1308 2301 1454 2351 pondus
1471 2302 1623 2350 aequale
1642 2301 1759 2349 place!
1775 2301 1815 2335 ei.

1260 2387 1486 2430 Praeceptum
1504 2394 1554 2421 est
1572 2388 1614 2419 de
1632 2386 1832 2430 particulari
1852 2386 2006 2425 iusticia,
2034 2391 2066 2418 et
2084 2398 2142 2417 ve-

1159 2440 1261 2473 ritate
1279 2439 1315 2471 in
1333 2438 1586 2477 contractibus,
1614 2445 1645 2470 et
1667 2438 1817 2481 pertinet
1836 2438 1876 2469 ad
1901 2436 2067 2479 Decalogi
2086 2437 2142 2469 di-

1161 2498 1271 2523 ctum:
1299 2488 1378 2522 Non
1405 2490 1537 2521 furtum
1557 2488 1671 2521 facies.
1726 2486 1771 2520 Et
1789 2487 2014 2519 comminatio
2039 2498 2141 2531 saepe

1160 2540 1324 2584 repetita,
1351 2537 1408 2572 hic
1432 2551 1571 2584 quoqne
1599 2539 1706 2582 repeti
1732 2538 1964 2579 intelligatur:
1993 2536 2140 2571 Atrocia

1160 2591 1284 2624 delicta
1302 2591 1499 2633 puniuntur
1522 2590 1698 2622 atrocibus
1724 2587 1864 2631 poenis,
1892 2587 1994 2620 etiam
2019 2589 2054 2620 in
2079 2586 2141 2621 bac

1294 2642 1393 2674 quta
1413 2641 1522 2674 dicta:
1551 2640 1621 2681 Qui
1641 2639 1794 2681 gladium
1813 2638 2000 2682 acceperit,
2023 2639 2140 2681 gladio

1354 2691 1455 2725 Item:
1486 2690 1558 2723 Vae
1576 2690 1634 2734 qni
1651 2689 1798 2733 spolias,
1823 2689 1903 2734 quia
1923 2689 2140 2733 spoliaberis.

1159 2643 1241 2676 vita.

1160 2692 1298 2737 peribit.
