2409 2915
269 96 343 131 627

276 192 335 214 seu
367 177 600 223 aequivalens.
665 174 738 218 Qui
768 175 795 208 si
827 175 929 208 fidem
955 185 1052 208 suam
1079 181 1256 219 praestans

278 231 433 264 debitum
459 229 501 261 ad
529 225 754 260 constitutum
779 225 871 259 diem
897 225 1062 267 solverit,
1096 237 1159 258 nec
1183 236 1258 257 cre-

279 279 383 314 ditori
410 289 542 311 moram
563 277 671 311 ullam
688 276 804 310 fecerit
825 276 994 309 iniustum
1013 275 1119 309 suerit
1136 283 1257 308 mutuo

281 333 421 363 dantem
451 327 739 372 insuperaliquid
758 328 908 370 amplius
925 327 1060 370 exigere
1079 332 1182 370 atque
1205 326 1259 358 lu-

280 380 388 420 crari,
421 391 497 412 cum
524 378 630 419 alter,
654 377 714 422 qui
739 378 846 411 soluit
869 388 1029 418 usuram,
1056 374 1147 410 nihil
1172 375 1259 409 reci-

281 431 362 474 piat.
414 428 530 474 Atque
547 440 585 462 ea
601 429 742 462 demum
758 439 794 462 re
810 428 882 472 ipsa
898 434 948 461 est
966 433 998 460 et
1015 427 1154 471 proprie
1172 425 1260 460 dici-

281 487 339 514 tur
367 491 490 519 usura,
525 491 603 512 cum
633 478 711 523 quis
741 479 784 519 ab
810 478 965 511 officioso
991 478 1166 519 debitore,
1201 475 1261 521 qui

281 530 470 564 constituto
499 529 554 562 die
584 529 733 576 fideliter
762 528 889 569 solvit,
922 528 1144 572 impudenter
1169 527 1261 560 ultra

283 588 410 614 sortem
430 580 514 624 petit
531 586 563 613 et
580 579 709 621 flagitat
728 578 862 612 lucrum
875 605 884 619 ,
909 585 947 612 ut
967 585 1108 623 propter
1124 584 1262 611 mutua·
1287 606 1290 617 ,

282 631 414 664 tionem
432 630 508 674 plns
526 629 669 673 recipiat
685 641 790 674 quam
808 629 916 663 dedit.

382 687 540 721 Pertinet
561 694 676 721 autem
699 688 743 721 ad
766 687 918 721 officium
937 686 1071 735 politici
1089 686 1263 729 guberna-

284 738 388 782 toris,
422 738 555 779 iegibus
576 744 609 771 et
633 738 755 782 poenis
779 735 869 771 lianc
892 738 1114 781 rapacitatem
1142 734 1263 780 probi-

284 790 376 824 bere.
443 787 669 832 Magistratus
697 789 790 822 enim
821 788 935 821 civilis
964 789 1007 820 ad
1039 785 1123 820 haec
1150 787 1264 820 officia
1290 810 1291 820 a

284 839 468 884 praecipua
484 838 725 883 principaliter
739 839 921 873 ordinatus
940 844 989 871 est
1005 850 1024 871 a
1042 836 1129 873 Deo.
1289 831 1292 901 Ι

386 904 566 944 Primum,
599 911 639 938 ut
662 912 761 939 sonet
784 905 874 948 ipse,
907 904 962 936 vel
988 910 1083 937 curet
1108 903 1266 947 promul·
1289 920 1292 968 Ι

285 956 379 998 gari,
407 955 574 988 inculcari
590 962 624 989 et
641 955 749 999 repeti
767 966 887 988 vocem
904 953 1071 997 Decalogi
1086 954 1123 986 in
1139 965 1266 996 genere
1290 971 1293 1002 ρ

286 1005 461 1043 humano,
498 1017 541 1037 ne
571 1012 736 1049 regantur
761 1002 922 1039 homines
945 1004 1017 1038 suis
1042 1003 1266 1048 imaginatio-

286 1057 408 1094 nibus,
435 1057 493 1088 sed
518 1061 556 1088 ut
574 1056 627 1088 lex
644 1062 787 1089 naturae
805 1055 842 1088 in
860 1054 1034 1098 Decalogo
1050 1065 1207 1099 expressa
1222 1054 1267 1088 sit

285 1107 444 1140 omnium
475 1105 703 1139 consiliorum
731 1112 764 1139 et
787 1106 967 1139 actionum
992 1117 1135 1144 norma,
1171 1105 1266 1139 iuxta
1290 1119 1293 1125 ·

285 1169 388 1202 quam
406 1156 651 1190 discernantur
667 1156 757 1189 mala
773 1163 806 1190 et
824 1157 917 1190 bona
935 1167 1054 1200 opera.
1290 1152 1293 1205 ξ

285 1274 447 1300 executor
469 1266 582 1309 legum
602 1265 785 1309 Decalogi,
811 1277 936 1311 easque
960 1277 1152 1310 poenarum
1170 1276 1266 1299 seve-

285 1317 388 1351 ritate
412 1323 567 1355 tueatur‚
595 1316 722 1350 afficiat
744 1314 937 1350 homicidas
959 1322 992 1350 et
1015 1316 1194 1349 adulteros
1210 1327 1267 1348 ca-
1291 1302 1294 1364 l

285 1368 383 1411 pitali
416 1367 606 1411 supplicio,
646 1373 801 1401 coerceat
833 1366 914 1400 item
946 1373 980 1400 et
1010 1366 1134 1409 puniat
1163 1366 1293 1406 fures,¹

285 1419 497 1462 praedones,
525 1423 735 1460 grassatores
754 1424 787 1450 et
804 1416 995 1452 usurarios.

386 1475 455 1510 Sed
481 1476 517 1508 in
543 1481 730 1519 conspectu
752 1482 819 1515 est,
847 1472 936 1519 proh
963 1475 1084 1515 dolor,
1110 1474 1267 1508 affectata
1291 1496 1293 1522 «χ

285 1526 549 1569 magistratuum
573 1525 735 1568 segnities
751 1532 782 1559 et
807 1525 1029 1568 negligentia.
1081 1522 1267 1559 Adulteria
1291 1531 1294 1592 Ι*

285 1588 386 1617 raro,
420 1587 546 1609 usurae
569 1586 710 1620 prorsus
734 1587 805 1608 non
831 1576 1038 1619 puniuntua
1091 1573 1267 1609 Verunta-
1292 1599 1293 1606 ,

285 1639 365 1660 men
384 1637 448 1659 nos
466 1626 606 1659 interim
619 1651 629 1666 ,
655 1632 693 1659 ut
709 1625 761 1658 illi
781 1632 930 1665 cessent,
958 1625 1151 1658 necessario
1167 1637 1268 1658 man—
1291 1620 1293 1643 ²

284 1679 404 1711 datum
424 1676 585 1710 divinum
604 1687 820 1721 proponere,
845 1675 1057 1710 annuntiare
1074 1682 1105 1709 et
1129 1676 1267 1720 praedi·
1290 1714 1293 1724 ‚

285 1739 361 1761 care
377 1728 556 1762 debemus.
1289 1729 1293 1791 Q

387 1786 438 1818 Ac
451 1784 544 1819 Deus
562 1784 633 1828 ipse
649 1791 782 1824 custos,
812 1783 940 1817 vindex
955 1790 988 1818 et
1005 1790 1166 1817 executor
1183 1795 1267 1817 snae
1290 1795 1292 1804 ³

286 1836 370 1880 legis
389 1835 474 1878 erit,
502 1842 534 1869 et
552 1835 691 1868 tandem
707 1835 800 1867 fures
816 1841 849 1867 et
866 1835 1102 1868 foeneratores
1118 1835 1266 1868 excutiet
1290 1853 1291 1858 =

286 1899 324 1920 ex
352 1885 649 1930 possessionibus,
676 1885 764 1918 sicut
785 1885 888 1917 dixit:
919 1883 990 1917 Vae
1009 1885 1069 1928 qui
1089 1885 1266 1927 praedaris

286 1945 320 1970 et
341 1936 487 1980 spolias,
515 1934 596 1979 quia
617 1934 767 1967 vicissim
785 1933 1001 1976 spoliaberis.
1054 1934 1153 1975 Quae
1169 1948 1266 1968 cmu-

286 1986 432 2020 minatio
456 1984 633 2018 communi
655 1983 888 2027 appellatione
907 1984 1151 2027 praedatorum
1172 1985 1266 2016 din·-

286 2045 498 2082 ptorumqne
529 2034 773 2078 complectitur
806 2034 907 2067 etiam
941 2035 1146 2077 impostores
1177 2035 1266 2074 illus,

285 2088 345 2133 qui
371 2098 423 2119 res
448 2085 588 2118 vitiosas
612 2086 787 2123 vendunt,
829 2084 887 2128 qni
913 2084 1050 2117 fallaces
1075 2092 1106 2117 et
1131 2085 1266 2117 fucosas
1288 2095 1290 2099 ·

284 2148 416 2171 merces
442 2135 650 2174 extrudunt,
685 2134 744 2179 qni
773 2146 895 2178 panes,
929 2135 1150 2173 cerevisiam,
1184 2136 1264 2168 xina

285 2192 514 2231 corrumpunt
537 2192 569 2219 et
593 2185 805 2221 adulterant.
859 2183 952 2217 llaec
977 2192 1024 2217 est
1050 2184 1091 2231 (o
1110 2197 1180 2217 rem
1199 2186 1265 2218 nii-
1288 2183 1291 2214 f

286 2251 394 2272 seram
415 2245 447 2271 et
463 2233 736 2281 deplorandam)
754 2232 877 2267 harum
895 2235 1076 2277 regionum
1095 2235 1264 2278 flagitiosa
1288 2255 1290 2275 ι

285 2290 454 2334 quaedam
480 2287 572 2319 labes
596 2297 634 2319 ac
659 2285 813 2325 macula,
840 2291 872 2318 et
898 2283 1026 2318 hirudo
1052 2286 1160 2318 multo
1187 2299 1264 2329 per-

287 2338 454 2373 niciosior
485 2337 698 2380 privatarum
732 2343 764 2370 et
798 2335 1016 2379 publicarum
1051 2336 1289 2376 facultatum,⁴

285 2401 388 2434 quam
414 2395 545 2422 caetera
570 2388 670 2421 furta.
728 2385 808 2419 ldeo
833 2386 978 2420 veniunt
997 2387 1106 2425 bella,
1133 2387 1263 2429 expila-

283 2441 396 2474 tiones
427 2437 653 2476 immodicae,
689 2444 719 2470 et
751 2437 839 2469 aliae
867 2437 1078 2471 calamitates
1106 2449 1262 2478 magnae,

283 2491 363 2536 qnia
387 2489 544 2523 certatim
570 2489 711 2521 student
739 2499 877 2527 omnes,
904 2487 1063 2521 obtinere
1090 2488 1262 2520 immode—

283 2549 392 2574 ratam
425 2540 618 2573 libertatem
644 2545 675 2572 et
703 2538 874 2571 infinitam
900 2538 1075 2572 licentiam
1101 2538 1259 2571 omnium

282 2592 514 2638 cupiditatum
547 2601 708 2628 suarum,
745 2596 902 2622 exem-nt
935 2588 1062 2622 iniusta
1093 2581 1286 2633 pecuniae*

280 2643 497 2687 quaerendae
514 2639 680 2684 aucupia,
708 2636 898 2674 detrahunt
916 2639 993 2673 aliis
1013 2639 1066 2674 sui
1082 2641 1257 2673 commodi
1282 2660 1286 2677 ι

862 89 988 126 PHlL.
1014 87 1128 125 MEL.
1162 87 1372 124 SCRIPTA
1404 85 1702 124 EXEGETICA.

1288 2278 1289 2287 ¹
1316 2267 1588 2300 necessariarum
1619 2267 1739 2300 existe-t
1770 2267 1805 2299 in
1838 2266 1982 2310 populo.

2213 94 2288 130 628

1308 173 1434 216 gratia,
1460 174 1650 219 decerpunt
1671 175 1715 207 de
1737 173 1862 207 alienis
1887 173 2130 217 facultatibus,
2154 183 2193 211 ut
2209 189 2288 212 suas

1309 224 1506 263 cumulent,
1533 231 1709 270 quaerunt
1732 220 2049 268 πλεονεκτήματα,
2072 231 2107 258 et
2128 237 2189 269 per
2203 239 2288 261 con-

1308 280 1437 308 tractus
1454 274 1600 308 insidias
1613 282 1772 314 struunt,
1800 282 1837 309 ut
1855 276 1920 318 ipsi
1937 275 2194 318 locupletentur
2208 289 2288 311 cum

1310 325 1439 357 damno
1457 331 1489 357 et
1504 325 1633 359 iniuria
1650 326 1809 359 aliorum.
1853 325 2092 358 Fraudulenta
2110 336 2192 358 vero
2206 338 2291 359 ven-

1310 373 1399 408 ditio
1431 375 1616 408 cerevisiae
1646 376 1774 415 malae,
1812 388 1917 421 quam
1952 375 2153 419 compendii
2186 376 2293 410 vestri

1311 435 1412 458 causa
1429 436 1501 458 non
1519 432 1609 458 recte
1625 426 1731 459 vultis
1747 438 1914 472 coquere,
1942 437 2046 471 qnam
2065 425 2183 459 multis
2199 426 2294 459 vitiis

1312 481 1345 508 et
1363 475 1510 519 peccatis
1527 475 1711 520 inquinata
1726 477 1800 510 est?
1852 475 1928 510 Hoc
1943 477 2038 510 enim
2055 475 2205 519 aucupio
2220 488 2294 510 non

1312 525 1425 559 solum
1444 537 1505 570 per
1523 526 1668 559 insidias
1685 533 1835 560 emtores
1852 534 1996 571 argento
2013 526 2171 571 spoliatis
2188 533 2220 561 et
2237 538 2295 560 ex-

1312 575 1448 619 pilatis,
1474 577 1533 609 sed
1555 576 1658 610 etiarn
1676 582 1760 620 potu
1779 577 1884 610 nimis
1899 578 1996 611 tenui
2011 584 2043 610 et
2061 577 2189 616 crudo,
2216 584 2296 611 tan-

1313 638 1419 671 quam
1439 627 1577 660 lenibus
1593 627 1803 672 quibusdam
1822 628 1986 671 venenis,
2013 627 2134 661 furtim
2146 627 2297 662 aliorum

1314 688 1460 721 corpora
1479 677 1635 719 laeditis,
1661 684 1694 711 et
1709 677 1944 711 valetudinem
1961 677 2127 721 affligitis.

1418 741 1618 776 Istiusmodi
1650 743 1810 787 rapinas,
1852 743 2080 787 imposturas,
2114 743 2297 788 expilatio-

1316 805 1395 832 nes,
1423 793 1688 828 interemtiones
1708 794 1858 839 denique
1875 793 2115 828 fraudulentas
2130 805 2203 826 non
2220 804 2297 836 spe-

1316 851 1390 877 rate
1406 844 1612 877 diuturnam
1631 845 1874 889 impunitatem
1889 842 2082 880 habituras.
2127 842 2186 878 Sic
2202 843 2297 877 enim

1317 894 1434 939 inquit
1450 906 1516 927 vox
1533 894 1653 928 divina
1669 893 1857 930 Deut.25.:
1886 894 1966 928 Non
1982 891 2128 928 habebis
2145 893 2182 927 in
2198 894 2298 927 lance

1317 952 1376 979 tua
1393 945 1530 978 diversa
1547 946 1714 989 pondera,
1741 957 1854 990 neque
1871 945 1938 979 erit
1954 945 1992 978 in
2007 946 2113 978 domo
2130 951 2187 978 tua
2199 955 2298 977 men-

1317 1007 1397 1029 sura
1422 995 1534 1028 maior
1557 1002 1590 1029 et
1610 995 1745 1036 minor,
1770 997 1830 1029 sed
1855 996 1992 1040 pondus
2016 1003 2048 1029 et
2064 995 2222 1028 modium
2241 994 2297 1027 iu-

1316 1053 1408 1080 stum
1442 1043 1587 1086 habeas,
1622 1053 1660 1079 ut
1689 1046 1794 1089 longo
1825 1053 1981 1090 tempore
2012 1046 2109 1079 vivas
2136 1045 2172 1078 in
2195 1051 2298 1085 terra,

1318 1108 1422 1142 quam
1445 1094 1622 1129 Dominus
1647 1095 1742 1130 Deus
1766 1097 1831 1130 tibi
1854 1096 2001 1130 dederit.
2060 1094 2299 1129 Abominatur

1318 1147 1412 1179 enim
1436 1144 1612 1180 Dominus
1635 1148 1731 1180 Deus
1761 1154 1862 1187 tuus,
1895 1153 1928 1180 et
1955 1153 2134 1180 aversatur
2156 1156 2299 1179 omnem

386 1215 561 1254 Secundo,
588 1222 626 1249 ut
641 1215 862 1259 magistratus
877 1215 920 1249 sit
937 1215 1086 1258 vigilans
1104 1221 1218 1249 custos
1233 1222 1267 1249 et
1290 1209 1294 1298 't
1318 1196 1540 1238 iniust-itiam·

1419 1253 1498 1288 Hoc
1512 1254 1644 1288 dictum
1664 1254 1750 1287 bene
1767 1259 1993 1295 mementote,
2022 1260 2056 1288 et
2072 1265 2208 1298 semper
2223 1253 2301 1287 ani-

1318 1305 1386 1338 mis
1409 1305 1639 1339 circumferte.
1692 1303 1835 1337 Moveat
1860 1315 1921 1337 vos
1939 1304 2102 1348 cogitatio
2122 1304 2301 1338 severissi-

1319 1367 1455 1388 marum
1481 1361 1515 1388 et
1534 1354 1635 1387 valde
1658 1354 1810 1387 tristium
1833 1354 2159 1390 comminationum.
2227 1352 2299 1387 lm-

1319 1412 1429 1449 petret
1457 1412 1491 1439 et
1514 1411 1718 1449 extorqueat
1740 1415 1758 1437 a
1782 1404 1882 1437 vobis
1904 1404 1955 1438 vis
1977 1411 2010 1438 et
2035 1404 2145 1438 moles
2167 1415 2298 1448 poena-

1318 1467 1396 1489 rum
1420 1453 1486 1489 hoc
1502 1462 1659 1498 tempore
1676 1454 1869 1487 cervicibus
1887 1455 2009 1488 vestris
2025 1454 2300 1495 imminentium,

1318 1513 1358 1540 ut
1388 1506 1479 1539 serio
1512 1505 1762 1549 poenitentiam
1787 1505 1912 1547 agatis,
1946 1511 1978 1538 et
2002 1504 2151 1538 assiduis
2172 1516 2192 1539 a
2218 1505 2297 1539 Deo

1318 1556 1504 1599 gemitibus
1519 1555 1771 1598 mitigationem
1790 1561 1965 1588 tantarum
1983 1555 2222 1589 calamitatum
2239 1566 2299 1598 pe-

1319 1606 1410 1640 tatis.
1478 1605 1667 1649 Quomodo
1698 1616 1826 1650 quaeso
1856 1611 2023 1648 poterunt
2053 1617 2073 1638 a
2104 1605 2300 1644 cervicibus

1319 1655 1448 1689 nostris
1470 1655 1524 1689 vel
1549 1662 1745 1700 praesentes
1768 1667 1901 1699 poenae
1917 1655 2062 1699 depelli,
2091 1655 2146 1689 vel
2162 1655 2300 1700 impen-

1318 1707 1436 1740 dentia
1460 1706 1613 1751 pericula
1629 1706 1757 1744 averti,
1785 1705 1812 1738 si
1832 1717 1903 1739 non
1922 1703 2125 1740 huiusmodi
2141 1705 2300 1739 enormia

1318 1764 1350 1790 et
1380 1757 1538 1790 affe-:tata
1570 1755 1717 1799 flagitia,
1758 1756 1918 1793 fraudes,
1958 1756 2159 1796 mendacia,
2196 1755 2299 1800 perfi-

1318 1807 1431 1850 diam,
1466 1806 1713 1851 petulantiam,
1749 1806 1950 1849 spurcitiem
1982 1813 2014 1839 et
2045 1807 2297 1839 obscoenarum

1318 1858 1538 1901 voluptatum
1564 1856 1819 1900 turpitudines,
1846 1856 1937 1888 serio
1961 1855 2118 1889 moribus
2134 1857 2298 1889 emenda-

1317 1908 1378 1946 tis,
1404 1908 1619 1950 deponemus
1635 1913 1667 1939 et
1684 1905 1898 1939 vitabimus?

1418 1965 1757 1998 periculosissimum
1793 1963 1994 1998 incendium
2030 1964 2216 1997 excitatum
2246 1970 2296 1997 est

1317 2022 1412 2048 moto
1438 2016 1530 2048 bello
1554 2013 1716 2048 horribili
1729 2042 1738 2054 ,
1764 2015 1862 2048 cuius
1881 2027 1951 2059 qno
1970 2026 2005 2047 se
2025 2026 2232 2048 conversura
2251 2014 2296 2047 sit

1317 2067 1444 2103 moles,
1472 2066 1639 2110 quamdin
1666 2066 1856 2098 duraturus
1875 2066 2042 2108 impetus,
2070 2064 2202 2109 quique
2219 2071 2297 2098 tan-

1315 2117 1392 2148 dem
1411 2117 1549 2150 sutnrns
1566 2116 1608 2149 sit
1625 2122 1787 2153 eventus,
1816 2127 1918 2147 nenio
1936 2123 1982 2148 est
2002 2112 2186 2147 lion-inum
2199 2141 2208 2153 ,
2235 2113 2296 2159 qni

1317 2167 1421 2210 possit
1455 2166 1667 2210 prospicere:
1714 2165 1903 2199 vastantur
1932 2165 2025 2209 agri,
2068 2164 2296 2208 respublicae.

1316 2217 1485 2260 r··giones.
1548 2215 1640 2249 llinc
1666 2217 1789 2254 [iim-s,
1825 2223 1954 2259 egestas
1977 2223 2008 2250 ct
2034 2215 2150 2259 iuopia
2176 2226 2294 2248 rerum

2049 2264 2295 2299 Crescentibns

1314 2317 1553 2351 exactionibus
1584 2325 1614 2351 et
1647 2317 1916 2361 expilationibus
1947 2315 2114 2359 publicis,
2147 2314 2294 2359 aliisque

1313 2368 1579 2401 difficultatiluis
1611 2375 1642 2401 et
1675 2368 1842 2401 oneribus
1873 2367 1908 2399 in
1940 2365 2083 2409 politico
2114 2365 2293 2409 regimine,

1312 2419 1462 2452 svrvims
1493 2419 1550 2452 liet
1580 2418 1722 2457 durior,
1757 2429 1866 2462 eaque
1897 2427 1933 2449 se
1966 2416 2068 2450 [teies
2094 2427 2210 2451 rernm
2236 2415 2291 2448 in-

1313 2470 1422 2502 tuenti
1449 2470 1569 2509 offert,
1596 2476 1633 2503 nt
1658 2468 1842 2500 videantur
1860 2467 1977 2500 omnia
1995 2466 2212 2500 barbaricam
2232 2477 2291 2499 va·

1312 2520 1461 2553 stitatem
1479 2527 1581 2565 atque
1597 2518 1822 2552 solitudinem
1841 2515 1894 2551 liis
1913 2517 2115 2560 regionibns
2127 2516 2266 2552 minari.

1416 2588 1588 2620 Aeternus
1620 2583 1733 2623 Dens,
1770 2584 1873 2619 Pater
1902 2583 2044 2618 Domini
2077 2583 2185 2619 nostri
2216 2585 2291 2617 lesu

1309 2635 1459 2679 (Iliristi,
1486 2638 1676 2672 clementer
1701 2635 1807 2671 leniat
1829 2643 1861 2670 ct
1888 2635 2022 2680 mitiget
2044 2647 2172 2680 poenas
2191 2646 2291 2679 prae·
