2409 2915
614 106 695 142 xtl.

458 192 504 216 De
538 191 668 223 quinto.

173 240 241 275 Hic
251 242 324 286 ipse
334 242 500 276 articulus
512 248 561 275 est
572 241 734 286 proprius
743 239 938 284 Evangelii,
957 242 1052 288 quod

70 290 217 325 Messias
234 293 416 327 antecellat
433 293 590 337 patribus
606 300 639 326 et
655 289 860 335 Prophetis,
887 292 976 325 sicut
994 293 1051 325 Io-

69 339 205 375 hannes
227 343 360 388 inquit:
385 340 439 376 Ex
455 343 675 387 plenitudine
692 344 766 376 eius
781 354 902 375 omnes
919 343 1051 386 accepi—

68 404 157 425 mus.
212 392 296 426 Ideo
315 404 435 426 omnes
451 394 563 427 sancti
577 394 621 426 ab
638 393 741 427 initio
759 404 868 437 usque
885 394 926 425 ad
945 393 1050 425 finem

31 444 34 448 '
68 454 141 475 uno
164 450 198 477 et
219 444 338 476 eodem
364 444 469 477 modo
496 444 696 485 salvantur,
723 443 852 476 scilicet
871 443 954 483 fide,
981 456 1048 488 qua

67 493 215 526 credunt
229 492 343 527 Deum
367 494 451 537 ipsis
470 494 648 528 remittere
673 501 810 538 peccata
834 506 895 537 per
912 494 1049 528 miseri-

67 543 240 583 cordiam,
274 551 416 588 propter
444 545 668 578 liberatorem
699 545 919 592 promissum.
974 543 1049 577 Hac

67 592 134 625 fide
163 604 199 626 se
227 592 361 636 Adam,
402 593 601 636 Abraham,
643 594 796 634 moises,
837 593 972 635 David,
1015 602 1047 628 et

65 654 186 677 omnes
222 645 332 678 sancti
362 646 651 680 consolabantur:
684 644 748 679 hac
772 646 838 678 fide
864 646 1047 689 placebant

63 690 156 734 Deo,
184 692 248 728 hac
264 696 388 729 fiducia
406 695 519 729 Deum
538 697 762 730 invocabant.

165 743 248 778 ldeo
264 744 322 779 hic
337 747 481 780 dicitur:
507 745 688 780 Abraham
705 747 793 779 vidit
810 746 900 779 diem
918 758 1046 787 meum,

63 800 96 827 et
128 793 275 829 laetatus
307 803 374 839 est,
407 797 443 830 id
476 805 543 838 est,
577 798 720 841 agnovit
748 797 786 830 in
814 796 1045 840 promissione

62 855 179 878 meum
205 847 412 889 adventum,
439 860 516 881 mea
541 848 723 882 beneficia:
752 846 798 881 Et
820 848 964 880 laetatus
983 854 1044 888 est,

62 894 98 927 id
123 903 192 936 est,
225 898 356 942 accepit
382 899 621 932 remissionem
649 905 889 942 peccatorum,
917 910 1043 931 novam

61 944 194 987 lucem,
229 954 262 981 et
291 949 526 983 incoationem
551 950 642 983 vitae
667 956 848 989 aeternae,
883 960 971 993 quae
994 954 1045 981 est

61 995 211 1038 laetitia,
240 1010 306 1042 pax
328 1006 390 1033 etc.
442 999 511 1033 Sed
532 998 711 1033 Pharisaei
734 1000 837 1042 longe
860 999 945 1031 alias
967 999 1042 1041 opi-

61 1045 185 1080 niones
210 1049 252 1081 de
275 1048 405 1083 Messia
430 1048 625 1094 habebant,
655 1056 752 1083 erant
776 1049 931 1094 oppressi
955 1049 1042 1082 ima-

59 1097 300 1139 ginationibus
325 1100 480 1134 iusticiae
502 1101 605 1143 legis,
641 1099 732 1133 nihil
756 1107 884 1133 norant
907 1100 948 1132 de
976 1100 1042 1132 fide

57 1147 96 1179 in
112 1147 298 1193 Messiam,
325 1157 384 1184 aut
407 1151 450 1183 de
473 1151 610 1184 victima
636 1163 699 1195 pro
717 1157 878 1195 peccato,
905 1156 1041 1183 tantum

58 1201 287 1241 expectabant
310 1212 456 1244 regnum
482 1203 714 1236 mundanum.
768 1200 852 1235 Ideo
876 1198 938 1233 has
956 1212 1041 1233 con-

58 1248 175 1282 ciones
193 1248 326 1284 Christi
341 1252 498 1285 furenter
515 1252 741 1287 detestantur.

71 107 144 143 241

451 1350 497 1374 De
527 1352 637 1375 sexto.

157 1398 418 1434 Testimonium
441 1399 498 1435 hic
522 1402 655 1435 clarum
681 1408 791 1442 extat,
818 1401 912 1445 quod
928 1399 1041 1433 Filius

54 1448 120 1483 Dei
150 1450 256 1485 suerit
286 1452 390 1485 etiam
422 1459 502 1485 ante
528 1459 716 1485 assumtam
740 1463 892 1485 carnem.
942 1450 1040 1484 Sicut

55 1500 146 1533 clare
170 1501 273 1535 dicit:
303 1502 500 1547 Antequam
519 1500 703 1535 Abraham
723 1510 826 1536 natus
845 1507 949 1541 esset,
977 1512 1040 1544 ego

54 1562 148 1591 sum,
182 1553 240 1585 sed
272 1550 338 1586 hoc
362 1553 611 1586 declarandum
634 1560 684 1587 est
710 1565 749 1586 ex
776 1553 889 1597 primo
913 1552 1039 1595 capite:

54 1600 94 1634 In
115 1602 288 1647 principio
306 1610 380 1637 erat
396 1603 541 1637 verbum
561 1610 624 1638 etc.

347 1725 430 1765 Die
469 1725 749 1765 Paraseeves.

130 1802 189 1835 De
202 1802 376 1845 passione
390 1801 543 1835 Domini
558 1802 679 1835 nostri
695 1802 782 1834 lesu
799 1798 954 1834 Christi.

154 1874 300 1918 Triplex
314 1881 362 1908 est
375 1874 557 1907 meditatio
570 1874 741 1917 passionis
751 1873 833 1907 Filii
843 1872 922 1915 Dei,
950 1873 1037 1908 Pae-

51 1925 237 1969 dagogica‚
265 1925 466 1969 Spiritualis
483 1932 516 1958 et
532 1922 764 1968 Exemplaris.

154 1975 409 2019 paedagogica,
436 1982 487 2009 est
503 1987 603 2018 saepe
622 1976 736 2018 legere
754 1975 845 2018 ipsas
862 1976 1038 2009 narratio-

51 2038 112 2059 nes
144 2026 330 2059 discendae
358 2032 417 2059 aut
447 2026 625 2059 docendae
657 2023 823 2060 historiae
850 2038 969 2067 causa,
1004 2033 1036 2060 et
1061 2034 1063 2078 Ι
1088 2035 1239 2075 Filium,
1267 2044 1305 2070 ut
1333 2049 1393 2080 per
1416 2035 1511 2070 hunc

53 2088 219 2121 quaerere
244 2077 442 2110 testimonia
460 2074 737 2119 Prophetarum,
771 2083 804 2110 et
826 2088 964 2116 causas,
991 2089 1036 2109 an
1060 2087 1062 2108 t
1088 2093 1121 2120 et
1144 2087 1269 2120 salvet:

51 2126 146 2159 Deus
166 2127 318 2160 voluerit
336 2126 466 2159 Filium
490 2127 579 2170 pati,
607 2138 668 2159 cur
686 2127 835 2160 voluerit
855 2139 932 2160 eum
953 2128 1035 2171 pati,

50 2177 230 2222 quomodo
256 2184 378 2210 natura
402 2174 557 2210 bumana
573 2178 615 2210 sit
631 2177 785 2211 subiecta
802 2185 962 2221 peccato,
990 2190 1034 2210 an

49 2228 204 2261 redemta
231 2239 292 2270 per
316 2227 429 2260 solum
448 2226 579 2259 Filium
599 2233 662 2262 etc.
687 2235 720 2261 et
743 2229 951 2261 confirmare
973 2228 1034 2261 tali

49 2278 199 2311 lectione
220 2278 342 2318 fidem,
377 2289 446 2322 qua
467 2277 685 2311 adsentimur
708 2276 886 2313 historiae.
939 2277 1034 2311 Haec

50 2328 230 2372 diligentia
255 2328 359 2362 etiam
387 2334 437 2362 est
463 2328 580 2367 utilis,
609 2334 642 2360 et
669 2329 743 2361 sine
765 2327 829 2362 hac
851 2336 1034 2374 sequentes

49 2391 133 2413 usus
157 2376 278 2413 haberi
302 2391 374 2412 non
393 2385 550 2423 possunt.
603 2378 685 2412 Ideo
705 2377 788 2413 haec
805 2379 908 2413 lectio
928 2387 959 2413 et
976 2392 1034 2413 co-

49 2430 171 2473 gitatio
182 2430 226 2463 sit
239 2430 372 2471 crebra,
392 2436 432 2464 ut
442 2429 546 2463 simul
559 2430 724 2463 accedant
736 2436 918 2475 sequentes
928 2442 1021 2464 usus.

0 2538 1 2548 ,
149 2506 354 2550 Spiritualis
377 2506 557 2540 meditatio
582 2504 666 2539 haec
691 2513 760 2546 est,
794 2507 875 2551 quia
901 2505 1032 2541 Filium

0 2555 1 2570 ³
48 2556 114 2591 Dei
138 2558 296 2601 oportuit
318 2557 391 2590 fieri
416 2555 585 2597 hostiam,
614 2569 798 2599 agnoscere
817 2558 1033 2601 magnitudi-

50 2620 127 2641 nem
161 2609 232 2641 irae
256 2608 323 2642 Dei
349 2609 515 2640 adversus
539 2615 735 2650 peccatum,
769 2615 800 2641 et
823 2620 903 2641 vere
927 2620 1033 2653 expa-

51 2669 203 2699 vescere,
237 2671 275 2692 ac
307 2670 428 2691 rursus
456 2669 642 2700 agnoscere
671 2659 965 2700 misericordiam,
999 2666 1032 2694 et
1055 2695 1058 2702 Α
1086 2660 1246 2693 fieremus
1273 2660 1408 2693 iusticia
1434 2659 1497 2691 Dei
1523 2671 1582 2702 per
1610 2660 1735 2703 ipsum.

102 2711 276 2742 Mamm.
308 2712 408 2743 Oeta.
439 2711 519 2741 Vot-
542 2711 635 2742 XIV.

750 103 1144 141 ANNOTATIONES
1172 104 1222 139 IN
1248 103 1547 143 EVANGELIA.

2016 117 2089 151 242

1076 191 1081 258 1
1104 191 1171 223 fide
1189 190 1274 234 erigi
1299 198 1332 225 et
1356 192 1544 235 vivificari,
1572 195 1652 240 quia
1675 194 1760 231 haec
1784 196 1896 234 hostia
1922 207 1970 234 est
1991 214 2087 244 prae-

1077 262 1078 270 η
1102 242 1250 275 stantior
1281 248 1350 275 tota
1384 244 1475 275 mole
1502 247 1649 287 peccati,
1685 255 1716 281 et
1741 248 1851 283 Filius
1876 258 1925 284 est
1949 260 2080 286 certum

1102 292 1246 336 pignus,
1274 293 1368 336 quod
1386 291 1482 326 Deus
1504 295 1626 337 diligat
1650 309 1731 336 nos,
1758 307 1791 333 et
1816 301 1897 333 velit
1923 314 1987 335 nos
2011 303 2080 336 sal-

1100 354 1162 375 vos
1184 343 1306 375 facere.
1360 341 1448 375 Cum
1475 341 1510 375 hi
1533 345 1606 377 veri
1624 354 1754 386 motus,
1784 362 1928 393 pavores
1946 359 1978 386 et
1995 365 2079 386 con-

1099 393 1243 431 solatio,
1278 392 1384 425 timor
1407 399 1441 426 et
1462 393 1564 434 fides,
1600 406 1720 429 sensus
1744 399 1815 431 irae
1839 399 1905 434 Dei
1929 409 1963 436 et
1989 404 2078 436 vivi-

1098 443 1211 476 ficatio
1235 454 1296 486 per
1313 443 1415 476 fidem
1431 443 1468 476 in
1486 443 1616 477 Filium
1637 444 1699 479 Dei
1718 451 1900 491 accedunt,
1929 450 2012 486 haec
2029 461 2079 488 est

1098 493 1281 537 praecipua
1305 500 1336 527 et
1362 494 1524 528 salutaris
1543 496 1740 539 meditatio,
1766 506 1798 532 et
1814 501 1998 544 applicatio
2018 505 2078 537 be-

1098 543 1212 578 neficii
1231 542 1297 576 Dei
1314 545 1356 577 ad
1377 556 1451 578 nos.

1199 601 1268 636 Sed
1295 610 1483 648 utrumque
1506 612 1643 648 oportet
1665 606 1783 639 animo
1807 607 1956 651 intueri,
1990 612 2076 646 iram

1097 659 1128 686 et
1152 653 1439 686 misericordiam.
1492 653 1663 689 Homines
1688 658 1812 690 ociosis
1835 660 1961 693 animis
1984 664 2077 706 cogi-

1098 710 1171 737 tant
1195 705 1237 737 de
1255 702 1350 744 Deo,
1375 716 1447 736 non
1466 705 1666 740 existimant
1684 719 1761 740 eum
1781 721 1861 741 vere
1880 710 1979 744 irasci
1998 726 2076 756 pec-

1095 760 1191 794 cato,
1224 754 1305 799 quia
1329 752 1475 787 humani
1499 756 1606 788 animi
1634 757 1755 790 levitas
1778 770 1849 791 non
1877 763 2076 805 magnifacit

1095 811 1206 837 errata
1223 815 1294 839 sua.
1341 804 1409 838 Sed
1421 803 1515 838 Deus
1531 803 1621 839 hanc
1637 809 1824 841 amentiam
1841 811 1913 844 vult
1930 815 2074 858 corrigi.-

1094 855 1173 887 ideo
1205 862 1315 888 totum
1347 866 1455 898 genus
1483 856 1678 890 humanum
1709 859 1908 900 ingentibus
1932 864 2075 898 calami-

1094 905 1224 938 tatibus
1254 906 1424 938 oneravit.
1486 904 1622 940 Omnes
1653 908 1812 941 miseriae
1843 910 2075 957 singulorum,

1093 967 1206 992 mors,
1234 962 1269 988 et.
1288 956 1476 999 supplicia,
1503 957 1615 997 bella,
1643 959 1792 1000 excidia,
1817 962 2008 1003 vastitates,
2036 973 2075 1000 ut

1094 1006 1287 1046 diluvium,
1315 1006 1540 1048 conflagratio
1562 1006 1753 1049 Sodomae,
1780 1010 1894 1044 clades
1915 1015 2073 1049 omnium

1094 1068 1303 1099 regnorum,
1347 1058 1506 1090 omnium
1544 1065 1714 1100 aetatum,
1756 1068 1837 1094 sunt
1875 1064 2073 1100 testimonia

1092 1107 1290 1150 proposita,
1324 1114 1362 1141 ut
1387 1108 1598 1141 convincant
1623 1121 1706 1148 nos,
1732 1108 1846 1144 Deum
1870 1125 1948 1146 vere
1972 1115 2073 1150 irasci

1093 1163 1246 1201 peccato.
1301 1157 1369 1190 Sed
1403 1158 1544 1191 evidens
1575 1160 1813 1194 testimonium
1845 1164 1911 1196 erit
1946 1165 2073 1209 impiis,

1092 1208 1151 1252 qni
1184 1208 1220 1239 in
1252 1205 1316 1240 liae
1347 1208 1418 1241 vita
1452 1209 1598 1241 verbum
1623 1216 1654 1243 et
1678 1211 1875 1245 testimonia
1899 1214 1966 1248 Dei
1989 1229 2072 1250 con-

1091 1264 1274 1301 temnunt,
1303 1258 1476 1291 cruciatus
1493 1266 1654 1292 aeternus
1671 1259 1852 1304 posthanc
1873 1264 1988 1301 vitam.

1196 1323 1326 1357 Verum
1342 1324 1377 1356 i'n
1394 1322 1459 1358 hoc
1475 1326 1609 1358 mundo
1626 1327 1756 1360 visibili
1772 1329 1837 1362 suit
1853 1332 2074 1368 evidentissi-

1091 1386 1186 1407 mum
1202 1375 1444 1408 testimonium
1464 1375 1534 1408 irae
1552 1374 1635 1416 Dei,
1663 1379 1755 1422 quod
1776 1379 1904 1420 placari
1923 1384 2019 1417 nulla
2037 1398 2074 1420 re

1091 1425 1224 1468 potuit,
1262 1425 1330 1457 nisi
1359 1432 1471 1459 morte
1498 1426 1670 1470 unigeniti
1696 1426 1799 1462 Filii:
1845 1443 1916 1464 non
1940 1441 2075 1476 poterat

1091 1475 1242 1519 placari,
1275 1487 1338 1508 nec
1369 1483 1570 1509 sanctorum
1604 1479 1800 1519 aerumnis,
1833 1488 1871 1514 ut
1898 1482 2007 1526 Abel,
2041 1493 2075 1520 et

1090 1526 1254 1559 aliorum.
1306 1526 1380 1559 Iam
1405 1527 1534 1569 cogita,
1572 1528 1650 1571 quis
1671 1526 1855 1563 hominum
1883 1535 1965 1567 satis
1990 1548 2074 1570 con-

1090 1577 1218 1610 sideret
1247 1577 1526 1619 magnitudinem
1553 1575 1658 1611 huius
1684 1579 1774 1621 irae,
1809 1589 1841 1615 et
1865 1583 2074 1620 beneficium

1091 1625 1158 1659 Dei
1188 1627 1275 1660 tanti
1309 1627 1483 1665 aestimet,
1515 1629 1639 1672 quanti
1672 1641 1791 1663 revera
1819 1634 2074 1670 aestimandum

1092 1683 1155 1710 est:
1196 1688 1316 1709 omnes
1348 1677 1456 1719 igitur
1485 1684 1566 1710 sunt
1598 1678 1745 1721 ingrati,
1778 1680 1910 1723 ignari,
1945 1692 1977 1718 et
2002 1687 2074 1720 irae

1090 1725 1174 1767 Dei,
1205 1733 1237 1760 et
1263 1727 1432 1760 beneficii.
1488 1726 1589 1760 Hanc
1613 1730 1850 1772 securitatem,
1886 1734 2075 1777 ingratitu—

1091 1777 1209 1809 dinem
1222 1804 1231 1818 ,
1259 1777 1492 1820 ignorantiam
1510 1789 1755 1821 agnoscamus,
1786 1788 1817 1814 et
1833 1783 1950 1829 aliquo
1969 1789 2074 1822 modo

1091 1839 1316 1871 corrigamus⁴

1190 1885 1344 1926 Rursus,
1379 1899 1457 1919 cum
1490 1898 1593 1919 verus
1627 1900 1737 1931 pavor
1765 1892 1876 1926 extitit
1899 1894 1934 1926 in
1958 1897 2073 1938 corde,

1089 1936 1227 1969 accedat
1265 1937 1476 1977 consolatio,
1521 1944 1554 1970 et
1591 1949 1818 1980 agnoscamus
1859 1946 2074 1985 magnitudi-

1088 1997 1168 2018 nem
1203 1986 1482 2027 misericordiae,
1516 1989 1610 2031 quod
1645 1990 1756 2024 voluit
1780 1991 1875 2026 Deus
1899 1995 1976 2029 ideo
2004 1999 2074 2040 pati

1535 2038 1706 2081 placatus,
1736 2054 1816 2075 vere
1840 2056 1903 2077 nos
1920 2047 2074 2091 recipiat,

1306 2094 1339 2120 et
1363 2088 1536 2121 discamus
1563 2090 1850 2133 applicationem,
1884 2098 1975 2140 quod
2002 2111 2073 2132 uon

1087 2137 1189 2170 aliter
1220 2149 1477 2182 consequamur
1501 2140 1742 2174 remissionem
1768 2152 2004 2186 peccatorum,
2040 2157 2074 2183 et

1088 2188 1193 2220 vitam
1225 2195 1422 2227 aeternam,
1455 2190 1521 2222 nisi
1557 2187 1619 2223 hac
1653 2191 1723 2235 ipsa
1756 2194 1839 2233 fide,
1872 2202 2072 2240 statuentes,

1087 2239 1179 2282 quod
1207 2246 1349 2282 propter
1368 2238 1499 2273 Filium
1519 2240 1582 2273 Dei
1608 2242 1736 2274 sactum
1763 2256 1824 2286 pro
1849 2247 1951 2280 nobis
1971 2249 2071 2283 victi-

1086 2300 1197 2328 mam,
1227 2297 1322 2332 pater
1339 2297 1501 2323 aeternus
1521 2291 1663 2334 recipiat
1682 2304 1764 2333 nos,
1790 2301 1822 2328 et
1839 2296 1955 2331 salvet.

1186 2355 1238 2390 De
1265 2354 1327 2389 hac
1351 2357 1585 2400 applicatione
1612 2362 1848 2394 teneanturin
1868 2373 2070 2406 promtute-

1085 2407 1248 2441 stimonia
1261 2433 1268 2447 ‚
1298 2406 1402 2441 Rom.
1421 2407 1472 2441 3,:
1504 2407 1738 2443 lustificamur
1755 2419 1869 2445 autem
1887 2417 1992 2456 gratis
2010 2430 2070 2460 per

1085 2459 1340 2491 redemtionem
1367 2456 1463 2497 lesu,
1500 2470 1602 2502 quem
1635 2460 1712 2493 fecit
1741 2460 1833 2495 Deus
1857 2466 2069 2507 propiciato-

1085 2520 1178 2548 rem,
1214 2521 1275 2553 per
1301 2509 1402 2540 fidem
1430 2508 1466 2540 in
1492 2509 1662 2551 sanguine
1686 2511 1758 2544 eius
1782 2519 1842 2545 etr.
1898 2514 1998 2548 Hom.
2019 2519 2067 2554 8,;

1085 2558 1154 2592 Pro
1173 2566 1312 2603 peccato
1331 2559 1510 2591 damnavit
1529 2567 1716 2602 peccatum.
1756 2562 1942 2599 2.Cor.5.;
1971 2567 2068 2610 Eum,

1086 2610 1145 2654 qui
1170 2622 1240 2642 non
1266 2609 1364 2642 novit
1390 2617 1585 2653 peccatum,
1619 2611 1698 2643 fecit
1723 2620 1917 2655 peccatum,
1946 2626 1980 2650 ut
2006 2633 2068 2653 nos

1791 2662 1889 2698 Hanc
1915 2670 2067 2712 applica-

1330 2710 1373 2742 16
