2409 2915
303 76 377 112 487
903 65 1028 101 PHlL.
1054 64 1170 103 MEL.
1198 62 1408 101 SCRIPTA
1434 61 1733 102 EXEGETICA.

407 158 480 194 Cur
496 157 601 201 igitur
617 155 701 189 alibi
719 153 863 188 dicitur:
889 152 1137 188 Remittuntur
1151 153 1183 185 ei
1198 152 1290 185 mul-

312 218 365 250 ta,
401 210 484 254 quia
514 207 637 241 dilexit
665 204 843 240 multum?
894 203 1125 248 Respondeo,
1160 202 1292 249 Synec-

312 258 448 294 dochen
472 270 544 291 esse
565 257 748 295 usitatam,
775 267 814 288 ac
837 255 866 288 si
887 255 998 293 dicat,
1026 253 1107 298 quia
1126 264 1292 287 conversa

312 317 372 344 est.
425 308 655 342 Verissimum
678 313 728 340 est
750 305 868 346 enim,
895 305 1161 338 conversionem
1175 314 1295 337 neces-

313 360 439 394 sariam
470 370 560 397 esse,
595 365 628 391 et
650 364 766 391 tamen
790 356 931 389 interim
957 356 1024 388 fide
1049 355 1218 399 accipitur
1240 365 1295 386 re-

313 411 454 453 missio,
482 416 515 443 et
530 420 603 442 non
618 414 762 453 propter
777 413 932 439 nostram
949 404 1166 448 dignitatem.
1219 403 1296 437 Hae

313 458 553 506 synecdochae
578 465 660 492 sunt
683 457 941 491 usitatissimae.
999 454 1190 491 Esaiael..
1225 453 1297 488 De-

314 512 418 545 sinite
442 511 532 544 male
556 510 679 543 facere.
742 507 847 541 Item:
883 505 1145 540 Convertimini
1167 506 1211 538 ad
1231 516 1299 544 me,

316 569 348 596 et
371 567 555 595 convertar
578 560 622 593 ad
646 569 719 593 vos.
773 557 878 591 Item:
905 556 1055 591 Redime
1080 562 1218 600 peccata
1239 562 1299 589 tua

316 613 471 651 iusticia,
497 618 530 644 et
554 610 620 643 erit
644 608 779 642 sanatio
804 608 940 641 delictis
962 608 1043 643 tuis.
1095 606 1190 640 Haec
1206 606 1299 639 dicta

317 669 349 695 et
373 662 502 694 similia
525 659 708 694 continent
730 656 992 704 synecdochen,
1030 658 1067 690 in
1091 669 1158 702 qua
1182 657 1300 700 plures

317 718 432 756 partes
451 710 691 744 conversionis
708 706 1077 753 comprehenduntur,
1104 719 1193 752 quae
1211 718 1301 751 quo-

318 763 425 796 modo
450 762 521 795 sint
545 761 814 800 discernendae,
841 771 880 792 ex
899 759 975 791 aliis
992 758 1078 791 locis
1094 758 1301 791 discendum

319 820 380 848 est.
432 811 577 846 Certum
600 819 650 845 est
676 810 770 844 enim
794 810 1034 843 remissionem
1058 808 1133 841 dari
1158 813 1303 851 propter

319 863 609 908 propiciatorem,
642 873 714 894 non
739 867 882 904 propter
906 865 1059 891 nostram
1086 857 1305 900 dignitatem,

320 921 354 948 et
378 920 494 947 tamen
521 924 640 945 verum
664 917 733 951 est,
759 909 858 953 sequi
881 914 1042 952 oportere
1066 908 1304 946 dilectionem,

320 965 356 997 id
387 971 456 1004 est,
497 962 734 996 obedientiam
763 970 912 999 novam,
948 969 1053 1003 quam
1081 955 1139 990 hic
1168 957 1305 1000 magnis

320 1014 485 1048 laudibus
501 1019 620 1053 ornat,
646 1018 686 1045 ut
703 1016 849 1045 testetur
867 1020 943 1042 eam
962 1009 1098 1053 placere
1116 1007 1203 1043 Deo.

722 1099 903 1141 Alleqore'a.

421 1165 502 1199 Duo
519 1171 602 1199 sunt
618 1171 736 1198 coetus
752 1163 789 1196 in
801 1161 965 1196 Ecclesia.
1009 1158 1110 1195 Unus
1125 1166 1175 1194 est
1192 1157 1306 1205 hypo-

321 1216 506 1257 critarum,
532 1216 592 1261 qui
611 1215 724 1249 securi
742 1220 878 1248 tument
895 1211 1120 1257 persuasione
1137 1211 1308 1251 iusticiae,

322 1267 347 1300 ii
371 1279 435 1300 nec
457 1273 636 1311 peccatum
659 1271 810 1302 norunt,
838 1275 902 1296 nec
924 1262 1167 1296 remissionem
1185 1273 1307 1305 pecca-

322 1325 456 1357 torum,
482 1329 545 1350 nec
567 1318 691 1355 fidem,
719 1323 751 1348 et
777 1314 920 1348 interim
945 1313 1027 1357 quia
1050 1312 1206 1344 fortassis
1232 1322 1307 1343 me-

323 1369 490 1401 diocriter
512 1374 692 1411 praestant
713 1365 954 1408 disciplinam,
981 1361 1202 1394 admirantur
1222 1371 1308 1400 sese,

323 1425 355 1451 et
387 1418 584 1460 gloriantur
612 1429 647 1450 se
678 1418 789 1449 iustos
809 1426 899 1453 esse,
935 1413 979 1446 ad
1001 1409 1128 1444 horum
1151 1422 1306 1443 mensam

323 1469 449 1502 assidet
473 1466 654 1507 Christus,
688 1467 724 1499 id
749 1472 816 1504 est,
852 1461 887 1496 hi
913 1469 994 1496 sunt
1019 1461 1217 1505 pontifices,
1244 1472 1308 1504 gu-

324 1520 547 1558 bernatores,
575 1515 707 1550 habent
730 1515 873 1549 titulum
892 1512 1086 1552 Ecclesiae,
1113 1523 1220 1556 quare
1243 1511 1308 1544 sub

325 1570 374 1603 eis
395 1576 496 1602 sonat
514 1568 642 1601 alicubi
665 1578 730 1599 vox
747 1564 943 1607 Evangelii.
996 1560 1059 1595 Est
1076 1569 1107 1595 et
1124 1562 1214 1594 alius
1230 1573 1308 1594 coe-

325 1627 400 1661 tus,
447 1619 596 1656 scilicet,
639 1617 786 1649 audiens
826 1613 1078 1656 Evangelium,
1118 1622 1309 1654 agnoscens

324 1676 523 1716 peccatum,
550 1680 628 1701 vere
647 1668 768 1710 lugens
786 1671 897 1699 errata
915 1675 994 1702 sua,
1022 1674 1103 1695 vera
1118 1661 1187 1696 fide
1203 1673 1310 1707 qnae—

325 1732 407 1754 rens
428 1717 627 1753 Christum:
665 1715 745 1750 hnic
777 1717 893 1750 coetui
915 1714 1030 1758 agenti
1056 1713 1309 1757 poenitentiam

326 1779 358 1805 et
390 1771 562 1809 credenti,
597 1769 721 1802 tribuit
750 1765 912 1801 Christus
941 1764 1181 1798 testimonium
1214 1763 1309 1808 quod

326 1822 370 1855 sit
393 1833 473 1854 sera
491 1819 667 1859 Ecclesii,
695 1817 820 1852 tribuit
842 1817 924 1850 item
949 1815 1086 1848 laudem
1107 1826 1208 1848 verae
1226 1815 1310 1847 obe-

328 1871 500 1911 dientiae,
551 1871 643 1914 quod
686 1869 827 1912 impleat
862 1867 990 1909 legem,
1038 1866 1133 1921 quod
1177 1865 1311 1907 diligat.

327 1921 429 1954 Hanc
452 1921 588 1953 laudem
615 1925 778 1961 arrogant
794 1917 862 1950 sibi
878 1917 963 1948 falso
982 1913 1028 1948 111
1034 1922 1202 1958 pocritae,
1233 1915 1310 1947 ideo

327 1970 490 2004 Christus
524 1970 686 2003 transssrt
718 1980 792 2001 eam
824 1967 859 1999 in
891 1963 986 1998 hunc
1017 1971 1173 2003 coetum,
1207 1976 1310 2009 quem

329 2020 531 2067 hypocritae
557 2019 771 2064 despiciunt,
807 2022 988 2061 propterea
1015 2015 1096 2060 quia
1122 2015 1239 2048 minus
1262 2021 1313 2048 est

331 2073 483 2116 speciosa
502 2072 570 2103 vita
592 2069 695 2103 liuius
713 2076 842 2102 coetus.

433 2122 661 2164 Praecipuum
685 2128 798 2154 autem
822 2117 973 2151 officinm
989 2143 995 2153 ,

332 2180 512 2216 tantopere
538 2172 731 2216 praedicat,
766 2168 830 2202 lioc
856 2175 921 2207 est,
956 2168 1047 2210 quod
1077 2167 1203 2199 mulier
1229 2166 1314 2199 lavit

332 2231 364 2257 et
380 2224 478 2256 nuxit
497 2224 612 2266 pedes.
655 2221 860 2263 Significant
876 2226 989 2251 autem
1009 2218 1111 2260 pedes
1131 2217 1313 2260 praecipue

334 2275 567 2306 ministerium
587 2272 784 2313 Evangelii:
815 2268 879 2303 hoe
903 2275 998 2300 curant
1025 2274 1054 2300 et
1081 2269 1176 2300 111111ιί
1199 2267 1312 2301 osticio

335 2325 422 2357 tueri
454 2333 483 2358 et
518 2335 723 2356 conserxnre
753 2322 866 2355 studet
902 2330 981 2351 vera
1016 2316 1187 2357 Ecclesia,
1221 2318 1314 2351 fovet

335 2376 411 2419 pius
442 2376 600 2407 (luston-s
629 2374 792 2405 omuibus
822 2370 955 2404 officiis.
1015 2366 1167 2401 Econira
1191 2366 1314 2401 11113τί-

336 2426 422 2465 saei,
461 2425 644 2457 Pontifices
678 2437 729 2455 ne·
723 2423 858 2466 31ῐ311111
890 2419 1123 2453 ministeiium
1155 2418 1276 2461 Ε’131111
1266 2432 1314 2451 1-

338 2477 392 2513 lii,
420 2482 592 2520 quaeruut
616 2475 772 2517 imperia
801 2473 956 2506 condunt
983 2470 1072 2512 leges
1094 2470 1176 2502 mil·
1170 2483 1194 2501 5
1215 2478 1313 2503 111111-
1338 2492 1344 2662 ι

1033 2116 1126 2160 quod
1151 2113 1313 2149 Christus

337 2529 388 2560 dis
422 2527 565 2570 opibus,
606 2525 858 2569 dignitatibus,
903 2521 1115 2555 interficiunt
1144 2522 1219 2565 pios
1251 2523 1315 2554 1111-

337 2586 457 2611 «tures.

1414 1116 1495 1153 Vae
1515 1114 1653 1151 nmndo
1674 1128 1698 1149 a
1715 1114 1919 1151 scandalis.

2250 65 2326 102 488

1506 150 1793 206 Evangelium
1818 148 1886 191 die
1917 148 2161 205 Michaelis,

1730 222 1860 259 Matth.
1887 224 1945 261 18.

1723 297 1777 328 De
1799 296 1953 339 Anyelis.

1396 356 1446 394 In
1472 356 1544 392 illa
1568 354 1663 391 hora
1687 363 1910 392 accesserunt
1933 355 2112 404 discipuli
2134 354 2188 391 ad
2210 354 2332 392 Iesum

1449 407 1620 443 dicentes:
1647 405 1742 454 Quis
1764 420 1848 454 ergo
1870 409 1992 443 maior
2008 413 2058 442 est
2076 408 2115 442 in
2134 420 2244 454 regno
2260 419 2335 442 coe-

1449 458 1597 494 lorum?
1639 457 1692 492 Et
1709 456 1894 493 advocans
1904 458 2011 494 Iesus
2025 458 2235 507 parvulum,
2257 463 2336 492 sta-
2384 456 2392 463 ’

1452 509 1521 544 tuit
1546 521 1625 543 eum
1651 509 1688 542 in
1709 507 1828 542 medio
1851 522 1988 550 eorum,
2017 514 2047 544 et
2075 508 2193 544 dixit.-
2221 507 2337 542 Amen

1451 559 1532 595 dico
1565 559 1686 602 vobis,
1717 558 1796 593 nisi
1817 560 1978 594 conversi
1991 560 2165 609 fueritis,
2199 565 2231 595 et
2255 556 2338 608 effi·
2368 596 2370 599 ,

1452 611 1608 646 ciamini
1627 610 1718 645 sicut
1734 609 1903 657 parvuli,
1931 623 2004 645 non
2021 610 2212 645 intrabitis
2228 610 2266 643 in
2285 622 2340 644 re-

1452 675 1566 708 gnum
1593 660 1782 696 coelorum.
1824 659 2039 709 Quicunque
2057 673 2141 707 ergo
2157 659 2339 694 humilia·
2375 674 2380 686 =
2408 670 2409 673 ’

1455 713 1543 747 verit
1564 712 1721 760 seipsum
1736 711 1828 745 sicul
1843 710 2020 759 parvulus
2037 711 2121 753 iste,
2145 709 2205 745 hic
2219 710 2341 745 maior
2384 714 2390 747 ἐ

1455 767 1506 797 est
1536 762 1576 796 in
1606 775 1717 809 regno
1746 761 1924 796 coelorum
1978 761 2032 796 Et
2059 762 2126 810 qui
2147 761 2340 810 susceperit

1456 826 1570 848 unum
1593 812 1789 858 parvulum
1816 812 1927 847 talem
1950 813 1988 847 in
2009 815 2153 847 nomine
2169 824 2265 854 meo,
2286 823 2342 846 me
2384 807 2389 812 ³

1455 863 1620 911 suscipit.
1672 862 1751 911 Qui
1764 868 1884 898 autem
1900 861 2143 898 scandaltzat
2146 864 2211 898 erat
2228 875 2341 897 unum

1458 913 1500 948 de
1521 913 1675 962 pusillis
1697 914 1893 962 istzs,q111
1915 915 1954 948 in
1971 926 2025 948 me
2042 913 2208 956 credunt,
2235 925 2343 960 expe-

1459 963 1514 999 dit
1543 965 1591 1005 ei,
1625 969 1662 999 ut
1693 964 1940 1012 suspendatur
1968 964 2068 999 mola
2097 964 2271 999 asinaria
2303 965 2342 998 in
2380 964 2386 970 ’

1462 1015 1557 1050 collo
1588 1016 1681 1057 eius,

1553 1067 1560 1074 ο
1718 1020 1750 1049 et
1781 1013 2013 1062 demergatur
2045 1028 2083 1049 ιη
2111 1012 2344 1064 profundum

1459 1079 1588 1102 mares.

1960 1115 2111 1151 Necesse
2125 1123 2175 1152 ese
2193 1117 2287 1152 enim
2306 1121 2344 1151 ut

1463 1169 1605 1202 veniam
1630 1165 1835 1205 scandala,
1864 1173 2095 1201 veruntamen
2119 1181 2181 1202 cae
2202 1166 2348 1202 homini

1459 1231 1524 1266 per
1546 1231 1649 1267 quem
1669 1216 1892 1252 scandalum
1909 1219 2014 1254 venit.
2069 1217 2115 1252 Si
2129 1223 2248 1253 autem
2264 1230 2346 1252 ma-

1460 1282 1531 1303 nus
1547 1275 1611 1303 tua
1631 1267 1687 1301 vel
1698 1281 1761 1315 pes
1778 1273 1861 1303 tuus
1878 1268 2114 1303 scandalizat
2129 1274 2172 1308 te,
2199 1269 2348 1304 abscin-

1461 1317 1504 1352 de
1535 1331 1632 1356 eum,
1666 1323 1696 1351 et
1717 1318 1852 1365 proiice
1874 1319 1942 1353 abs
1965 1325 2011 1354 te:

1462 1367 1518 1402 ad
1551 1370 1662 1403 citam
1700 1367 1847 1414 ingredi
1888 1368 2060 1403 claudum
2097 1370 2152 1404 vel
2181 1369 2348 1410 debilem,

1461 1432 1573 1467 quam
1599 1417 1694 1453 duas
1720 1432 1872 1458 manus,
1901 1420 1956 1453 rel
1977 1419 2068 1455 duos
2083 1419 2189 1468 pedes
2207 1418 2348 1455 haben-

1462 1476 1550 1510 tem,
1577 1470 1677 1503 mini
1700 1470 1737 1503 in
1754 1471 1872 1515 ignem
1892 1476 2088 1505 aeternum.
2144 1471 2197 1504 Et
2212 1472 2249 1505 si
2262 1485 2345 1507 ocu-

1464 1520 1523 1555 lus
1561 1525 1644 1554 tuus
1683 1519 1920 1554 scandalisat
1958 1527 2007 1563 te,
2053 1533 2134 1555 erue
2169 1534 2267 1564 eum,
2317 1529 2347 1558 et

1462 1571 1596 1618 proiice
1634 1571 1702 1605 abs
1732 1576 1780 1604 te:
1821 1570 1954 1604 bonum
1987 1577 2036 1605 cst
2068 1572 2138 1605 tibi
2167 1585 2244 1607 cnm
2277 1586 2350 1609 uno

1464 1621 1568 1655 oculo
1595 1622 1632 1655 1'n
1659 1623 1769 1654 vitam
1795 1621 1954 1661 intrare,
1983 1635 2093 1670 quam
2117 1621 2209 1658 duos
2227 1623 2350 1660 oculos

1465 1670 1656 1706 habentem
1683 1672 1782 1705 nuni
1805 1673 1843 1705 in
1867 1670 2072 1718 gehennam
2101 1674 2213 1719 ignis.
2279 1674 2350 1710 Vi-

1466 1721 1541 1756 dete
1565 1735 1607 1756 ne
1631 1724 1869 1757 contemnatis
1896 1736 2007 1757 unum
2033 1737 2078 1759 e.·2
2103 1722 2164 1759 his
2185 1725 2350 1773 puszllis.

1464 1772 1565 1808 cho
1581 1786 1675 1808 emm
1693 1788 1710 1807 ι
1715 1773 1804 1814 obis,
1831 1773 1933 1821 quod
1944 1774 2074 1821 angela
2084 1788 2204 1810 eorum
2220 1777 2258 1810 in
2275 1789 2350 1811 coe-

1465 1823 1515 1859 Iis
1541 1837 1680 1871 semper
1711 1823 1831 1859 aden!
1858 1825 1998 1873 faciem
2017 1827 2138 1874 patris
2162 1827 2249 1870 mci,
2285 1828 2352 1876 qui

1465 1875 1503 1909 in
1518 1875 1623 1910 coelis
1641 1880 1701 1909 esl.

1413 1941 1554 1990 Septem
1569 1951 1651 1979 sunt
1670 1944 1846 1988 praecipui
1866 1945 1944 1979 loci.

1518 2009 1545 2044 1.
1597 2009 1710 2043 Error
1727 2022 1786 2043 seu
1803 2017 1980 2054 peccatu-n
1996 2009 2248 2055 Apostolorum
2265 2027 2350 2049 con-

1569 2061 1790 2095 tendentium
1809 2063 1852 2093 de
1869 2062 2034 2106 primatu.

1519 2110 1563 2145 ll.
1617 2110 1859 2155 Reprehensio
1898 2113 2128 2146 certaminum
2161 2114 2205 2147 de
2233 2126 2351 2160 regno,

1574 2174 1663 2207 quae
1685 2162 1851 2196 oriuntur
1874 2163 1929 2196 vel
1954 2176 1994 2197 ex
2020 2164 2103 2196 salsa
2127 2168 2352 2208 persuasione

1574 2215 1617 2246 de
1632 2211 1898 2256 regnoCliristi,
1926 2215 2033 2247 velex
2050 2216 2254 2250 ambitione.
2303 2216 2352 2253 Et

1573 2277 1612 2297 ex
1643 2262 1697 2297 liis
1720 2265 1970 2298 certaminibus
1993 2266 2159 2298 oriuntur
2182 2267 2352 2311 neglectio

1569 2315 1769 2355 doctrinae,
1811 2313 2015 2355 schism-ita,

1570 2366 1682 2406 hetta,
1709 2373 1739 2399 et
1769 2367 1943 2400 vastitates
1967 2364 2214 2403 Ecclesiarum.
2267 2368 2349 2403 Ideo

1573 2414 1735 2450 Christus
1764 2423 1945 2461 tantopere
1976 2417 2190 2453 incandescit
2222 2419 2257 2452 in
2284 2417 2349 2454 hoc

2048 1320 2180 1354 bonum
2204 1325 2255 1353 est
2279 1319 2350 1353 tihi

2051 2313 2227 2359 haereses,
2258 2319 2352 2360 odia,
2386 2335 2389 2365 ς

2386 2375 2387 2391 i
2392 2375 2403 2396 Δ

2386 2394 2389 2407 l

2384 2415 2401 2453 Ao

1575 2468 1652 2500 loc.»
1665 2495 1672 2506 ,
1700 2467 1839 2500 intuens
1855 2475 2019 2501 venturas
2036 2468 2070 2500 in
2089 2466 2278 2503 Ecclesiam
2294 2469 2349 2503 in-
2384 2479 2398 2498 Λ

1572 2526 1690 2561 gentes
1722 2524 1752 2550 et
1787 2515 1974 2552 horribiles
2004 2519 2212 2558 discordias,

2260 2533 2349 2565 qnae
2382 2533 2401 2555 11

1572 2568 1802 2611 dissipauit-ae
1833 2577 1914 2604 sunt
1939 2569 2111 2604 Ecclesias
2136 2576 2169 2604 et
2197 2571 2350 2606 facturae
2381 2572 2399 2607 ti

1575 2620 1760 2654 vastitates.
