2409 2915
70 109 146 147 917
323 106 410 144 XII.
470 103 859 143 ANNOTATIONES
885 102 951 141 ET
976 103 1256 142 CONCIONES
1285 105 1334 142 IN
1361 105 1546 146 EVANG.
1574 108 1851 148 MATTHAEt.
2028 117 2101 153 918

171 191 257 227 Ideo
275 193 335 228 dat
352 192 519 238 imperia,
545 198 584 226 ut
606 179 680 225 sint
704 191 789 225 tales
812 188 951 225 honesti
978 203 1063 224 con·
1087 190 1093 255 Ι

1217 189 1261 225 Et
1278 204 1480 238 quanquam
1498 193 1635 228 Meletii
1653 202 1748 231 tanta
1768 205 1840 231 erat
1856 200 2034 242 autoritas,
2061 211 2100 238 ut

69 254 229 288 gressus,
262 252 300 278 ut
324 244 450 278 Psalm.
473 243 556 278 122.
582 244 699 276 docet:
738 241 901 275 Laetatus
925 254 1001 275 sum
1026 242 1062 274 in
1114 251 1240 284 magna
1258 243 1449 276 multitudo
1470 244 1504 277 in
1524 243 1684 291 Aegypto
1703 254 1735 281 et
1753 248 1788 281 in
1801 247 1901 294 Syria
1919 248 2014 285 hunc
2031 254 2098 286 du-

69 292 147 336 bis,
174 306 263 340 quae
287 294 379 328 dicta
403 300 485 327 sunt
508 291 613 327 mihi:
667 291 709 325 In
744 293 888 326 domum
913 291 1062 326 Domini

70 345 226 385 ibimus,
253 352 317 379 etc.

172 394 241 428 Hic
265 394 506 428 consideretur
533 399 565 426 et
589 391 806 439 promissio,
837 392 1062 436 peculiariter

69 444 190 479 addita
224 444 404 479 communi
429 444 708 487 congregationi:
753 442 967 488 Ubicunque
990 445 1059 477 duo

69 502 129 529 aut
144 501 215 529 tres
232 495 442 529 convenient
460 494 496 526 in
524 495 668 527 nomine
686 506 781 535 meo,
809 493 846 526 in
864 494 980 527 medio
999 506 1060 527 eo-

71 558 152 580 rum
167 557 256 582 sum.
309 544 411 579 Item:
439 544 476 579 Si
499 545 568 578 duo
586 544 846 586 consenserint,
873 550 938 579 etc.

337 633 423 669 Iam
454 632 532 680 fiat
560 634 783 682 obiurgatio,

171 700 225 737 Ex
245 699 310 736 hac
333 703 670 737 commonefactione
694 703 855 744 discatis,
890 703 1056 736 volunta-

66 760 138 789 tem
155 751 221 788 Dei
240 765 330 793 esse,
357 760 397 787 ut
413 754 630 787 conveniatis
647 754 683 787 in
701 754 843 798 publico
863 754 993 797 templo
1011 755 1056 787 ad

67 804 280 840 audiendam
308 816 429 838 vocem
458 802 663 848 Evangelii,
699 811 732 838 et
760 806 804 838 ad
832 816 1054 838 communem

26 851 27 854 ¹
64 854 341 896 invocationem,
367 861 401 888 et
417 854 607 898 gratiarum
626 855 812 896 actionem,
842 855 932 888 etad
952 866 1053 888 usum

63 909 383 946 sacramentorum,
416 905 503 938 sicut
527 905 562 938 in
587 902 691 938 Esaia
715 905 846 939 dictum
871 911 941 945 est,
980 917 1054 949 cap.

62 954 126 992 56.
154 955 295 989 Domus
311 967 386 988 mea
404 955 531 988 domus
553 956 723 989 orationis
741 955 938 989 vocabitur.

167 1005 242 1049 Qui
268 1017 341 1038 non
357 1005 482 1039 volunt
500 1006 666 1039 adiuvare
684 1006 984 1039 conservationem
1002 1011 1053 1039 ta-

63 1056 154 1090 lium
174 1056 499 1099 congregationum,
516 1064 659 1099 peccant
675 1064 796 1090 contra
813 1062 1052 1101 praeceptum:

67 1106 222 1141 Sabbata
246 1106 450 1139 sanctifices.
511 1104 712 1141 Offendunt
736 1107 849 1141 Deum
875 1112 1053 1140 contemtu

65 1157 254 1190 ministerii
269 1163 301 1190 et
320 1163 617 1190 sacramentorum
629 1184 638 1198 ‚
664 1164 698 1191 et
714 1155 895 1191 attrahunt
913 1168 1051 1200 poenas,

168 1206 264 1250 Quid
284 1207 440 1251 pulcrius
457 1214 508 1241 est
532 1219 718 1250 congressu
742 1208 779 1240 in
806 1208 963 1251 templis,
989 1207 1052 1240 ubi

64 1263 166 1291 sonat
181 1270 246 1290 vox
262 1256 447 1300 Evangelii
467 1257 543 1290 sine
566 1258 783 1291 mendaciis?
823 1257 862 1292 Si
887 1256 952 1290 hoc
973 1263 1053 1290 tan-

64 1313 141 1341 tum
172 1308 307 1341 bonum
335 1319 410 1340 non
444 1308 560 1341 velitis
588 1315 700 1341 vestra
732 1308 914 1350 diligentia
948 1307 1051 1341 etiam

65 1368 272 1390 conservare
290 1383 299 1396 ‚
341 1356 438 1391 Deus
471 1358 561 1391 sinet
589 1365 701 1391 vestra
727 1358 856 1400 templa
880 1357 990 1399 redigi
1015 1357 1051 1389 in

63 1407 198 1440 stabula
219 1407 384 1447 militum,
412 1407 501 1440 sicut
516 1407 551 1439 in
561 1407 643 1440 Asia
659 1414 692 1441 et
711 1408 746 1440 in
759 1406 905 1440 Graecia
921 1407 1050 1440 factum

62 1463 131 1497 est,
157 1457 220 1491 ubi
238 1457 306 1490 iam
325 1456 435 1491 Turci
455 1464 634 1491 verterunt
650 1458 780 1502 templa
798 1458 835 1491 in
852 1457 1001 1493 stabula.

353 1538 525 1562 Secunda
549 1538 759 1564 admonitio.

165 1585 235 1621 Sed
257 1587 407 1621 sciamus
437 1588 560 1629 etiam,
586 1590 628 1622 ad
655 1590 740 1634 quid
768 1590 1051 1624 conveniendum

64 1638 127 1679 sit,
155 1638 324 1671 nimirum
343 1639 385 1671 ad
402 1635 487 1671 haec
503 1645 669 1683 quatuor:

168 1689 201 1724 1.
253 1686 311 1722 Ad
330 1688 542 1722 audiendam
562 1701 682 1723 vocem
699 1687 898 1734 Evangelii.

165 1739 203 1774 2.
255 1737 312 1772 Ad
331 1739 603 1775 invocationem.

164 1789 200 1824 8.
254 1787 310 1823 Ad
328 1789 517 1833 gratiarum
543 1790 729 1826 actionem.

163 1838 200 1875 4.
251 1840 309 1873 Ad
327 1851 431 1873 usum
449 1847 759 1877 sacramentorum.

61 1929 99 1966 T
100 1942 168 1965 unc
184 1927 353 1964 accedens
362 1927 493 1964 Petrus
510 1929 647 1978 inquit:
675 1929 825 1979 Quoties
844 1932 1053 1967 remittam?

164 1996 234 2031 Hic
269 1997 368 2031 locus
400 1997 558 2032 continet
598 2000 793 2033 doctrinam
831 2000 869 2033 in
893 1998 1049 2035 Ecclesia

62 2048 214 2084 maxime
245 2048 497 2089 necessariam,
541 2056 574 2083 et
605 2051 855 2094 amplissimam
888 2052 1049 2084 consola-

62 2099 209 2134 tionem.
269 2097 353 2132 ldeo
383 2098 571 2142 diligenter
603 2101 776 2143 discatur,
820 2108 853 2135 et
886 2101 1051 2146 infigatur

63 2148 212 2194 pectori.

165 2197 302 2233 Omnes
318 2198 465 2242 pavidae
482 2206 617 2233 mentes
634 2200 887 2240 excruciantur,
910 2213 954 2235 an
970 2214 1048 2235 cum

63 2257 135 2285 tam
154 2249 266 2283 crebri
284 2249 353 2282 sint
369 2250 486 2293 lapsus
503 2251 633 2291 nostri,
660 2250 755 2284 Deus
772 2253 873 2285 toties
896 2253 1049 2286 remittat

62 2300 226 2346 peccata?
252 2298 351 2334 Sicut
368 2297 425 2333 hic
441 2299 545 2335 Petro
561 2301 664 2334 etiam
682 2302 821 2335 videtur
843 2302 994 2347 mirum,
1021 2303 1049 2336 si

61 2351 167 2387 toties
183 2350 279 2384 Deus
295 2350 458 2384 remittat.

167 2400 250 2435 Ideo
267 2397 447 2434 Meletius
463 2400 708 2442 Alexandriae,
736 2408 768 2435 et
786 2398 956 2436 Novatus
974 2402 1050 2437 Ro-

65 2463 163 2493 mae,
190 2458 404 2494 negaverunt
424 2452 539 2495 lapsos
557 2453 774 2496 recipiendos
793 2464 884 2494 esse,
910 2454 969 2498 qui
987 2452 1048 2487 ha-

64 2503 197 2537 bebant
221 2502 345 2535 delicta
369 2503 569 2544 manifesta,
596 2510 653 2544 ut,
687 2503 748 2548 qui
773 2503 925 2538 fecerant
948 2505 1049 2537 adul-

65 2553 212 2593 terium,
258 2559 317 2586 aut
348 2549 598 2594 homicidium,
641 2561 701 2588 aut
733 2554 792 2598 qui
828 2554 864 2587 in
895 2555 1049 2598 periculo

68 2603 296 2637 consessionis
313 2603 511 2638 defecerant
534 2605 578 2639 ab
593 2604 785 2649 Evangelio
810 2612 953 2650 propter
977 2617 1050 2639 me-

66 2659 142 2687 tum
160 2653 424 2699 suppliciorum.

1114 303 1193 324 rum
1231 303 1385 325 errorem
1427 295 1710 338 amplecteretur,
1750 305 1865 333 tamen
1902 301 2096 347 Episcopus

1114 339 1377 375 Alexandrinus
1397 340 1527 377 Petrus
1550 353 1751 381 constanter
1768 349 1798 382 ei
1818 351 2018 386 adversatus
2035 361 2095 388 est.

1112 390 1154 425 Et
1172 392 1289 425 citavit
1308 390 1403 425 hunc
1421 394 1535 427 locum
1553 396 1760 440 scripturae:
1790 399 1942 435 Remitte
1956 410 2094 446 septua-

1111 442 1182 485 gies
1207 442 1342 485 septies.
1395 442 1439 477 Et
1461 446 1597 479 addidit
1619 448 1856 482 testimonium
1882 464 1922 485 ex
1940 453 2009 486 ritu
2026 453 2095 487 lic-

1111 493 1253 532 clesiae,
1287 505 1375 537 quae
1407 501 1490 527 tunc
1515 508 1654 540 quoque
1680 497 1796 541 lapsos
1820 501 2025 545 recipiebat,
2060 512 2093 539 et

1110 543 1363 587 pronuntiabat
1389 544 1436 577 eis
1460 545 1726 581 absolutionem.
1780 548 1878 584 Sicut
1899 564 1962 585 nos
1977 552 2092 588 adhuc

1109 593 1300 627 retinemus
1317 606 1449 627 morem
1469 595 1627 639 singulos
1645 598 1862 633 absolvendi.

1209 650 1254 685 Et
1283 651 1424 696 quidem
1447 650 1538 686 hanc
1564 654 1674 700 ipsam
1702 657 1747 689 ob
1773 669 1910 691 causam
1932 660 2018 694 utile
2040 668 2091 696 est

1108 701 1252 735 retineri
1276 714 1409 735 morem
1434 703 1666 738 absolutionis
1693 707 1931 750 singulorum,
1960 718 1997 743 ut
2015 724 2090 745 ma-

1108 758 1187 785 neat
1205 752 1241 785 in
1257 751 1411 786 Ecclesia
1431 750 1498 787 boc
1516 755 1775 798 testimonium,
1802 761 1894 803 quod
1912 760 2000 808 lapsi
2017 762 2089 797 sint

1107 803 1311 846 recipiendi.

1208 860 1266 895 Sic
1292 868 1324 894 et
1349 873 1413 895 nos
1437 868 1615 897 teneamus
1639 861 1730 898 hanc
1752 865 1965 909 doctrinam,
1992 874 2088 916 quod

1106 911 1194 955 lapsi
1220 912 1290 945 sint
1313 912 1525 955 recipiendi,
1552 921 1585 947 et
1609 915 1757 948 sciamus
1779 914 1834 950 hic
1849 918 1945 963 loqui
1961 920 2088 956 Domi-
2143 959 2145 961 ,

1107 974 1191 994 num
1217 962 1259 995 de
1284 962 1480 996 ministerio
1502 970 1535 997 et
1551 976 1630 997 vera
1647 966 1849 1000 remissione
1867 981 1983 1003 coram
2002 972 2089 1015 Deo,

1106 1013 1248 1056 quando
1265 1012 1350 1046 dicit
1366 1011 1544 1047 Christus:
1571 1013 1726 1049 Remitte
1741 1020 1935 1061 septuagies
1954 1024 2089 1066 septies,

1106 1063 1141 1096 id
1166 1069 1232 1102 est,
1268 1064 1551 1109 quandocunque
1573 1065 1731 1108 petimus,
1791 1066 1883 1110 Quia
1908 1082 2087 1117 numerus,

1104 1113 1298 1157 septuagies
1331 1114 1477 1157 septies,
1512 1115 1656 1158 ponitur
1677 1128 1740 1159 pro
1764 1117 1899 1152 infinita
1925 1123 2087 1158 multitu-

1105 1164 1199 1196 dine.
1258 1163 1406 1198 Faciunt
1429 1171 1544 1198 autem
1570 1167 1787 1210 septuaginta
1814 1177 1965 1213 septem,
2000 1187 2087 1219 qua·

1105 1214 1287 1257 dringenta
1307 1221 1340 1247 et
1356 1215 1559 1259 nonaginta.

1206 1271 1327 1315 Aliqui
1360 1270 1455 1306 hunc
1486 1280 1618 1308 textum
1645 1275 1736 1308 male
1765 1288 2018 1321 corruperunt,
2053 1292 2086 1319 et

1105 1322 1364 1355 contenderunt
1381 1335 1459 1356 eum
1477 1330 1613 1358 tantum
1631 1326 1728 1370 loqui
1744 1327 1786 1359 de
1796 1331 2086 1369 reconciliatione

1104 1372 1256 1405 fraterna
1281 1371 1374 1405 inter
1388 1370 1567 1415 homines,
1595 1386 1666 1408 non
1685 1377 1728 1409 de
1746 1378 1950 1413 remissione
1968 1395 2085 1418 coram

1104 1420 1194 1455 Deo.
1248 1420 1315 1455 Sed
1343 1420 1381 1455 hi
1405 1423 1538 1457 faciunt
1563 1424 1729 1458 iniuriam
1754 1428 1880 1469 textui,
1905 1437 1938 1464 et
1959 1445 2086 1476 magna

1105 1472 1282 1516 impietate
1310 1473 1504 1516 depravant
1533 1486 1624 1509 eum.
1680 1475 1772 1519 Quia
1801 1475 1962 1515 Christus
1993 1485 2087 1520 clare

1104 1523 1191 1556 dixit
1211 1522 1323 1566 prius:
1353 1523 1532 1569 Quicquid
1551 1526 1724 1560 solveritis
1741 1537 1997 1574 superterram,
2020 1537 2087 1571 erit

1104 1573 1258 1607 solutum
1277 1580 1309 1606 et
1328 1575 1364 1606 in
1383 1576 1491 1610 coelo.

1205 1625 1240 1658 2.
1294 1622 1397 1657 Item:
1432 1624 1602 1658 Lucratus
1626 1626 1694 1659 eris
1715 1627 1857 1662 fratrem
1884 1637 1993 1667 tuum.
2046 1635 2087 1671 Si

1103 1673 1263 1706 remissio
1287 1685 1360 1707 non
1385 1675 1517 1709 valeret
1538 1687 1660 1709 coram
1674 1677 1768 1717 Deo,
1795 1692 1867 1713 non
1890 1681 2087 1721 lucraretur

1102 1723 1259 1760 fratrem.

1205 1774 1240 1809 3.
1277 1772 1324 1808 Et
1338 1774 1480 1820 quidem
1496 1776 1719 1811 manifestum
1736 1785 1769 1813 et
1785 1781 1969 1824 impudens
1985 1797 2086 1820 men-

1104 1823 1242 1858 dacium
1268 1832 1338 1865 est‚
1366 1825 1482 1859 dicere
1505 1828 1599 1872 quod
1627 1826 1684 1862 bic
1709 1842 1780 1863 non
1804 1832 1940 1866 dicatur
1965 1836 2007 1869 de
2030 1850 2086 1871 re-

1103 1875 1269 1908 missione
1294 1888 1411 1909 coram
1428 1875 1523 1917 Deo,
1550 1890 1629 1911 cum
1652 1886 1766 1914 textus
1790 1890 1904 1925 postea
1923 1885 2013 1920 clare
2030 1888 2085 1921 di-

1103 1931 1172 1959 cat:
1199 1924 1258 1959 Sic
1274 1926 1376 1960 faciet
1392 1925 1495 1960 Pater
1509 1939 1608 1961 meus
1624 1930 1791 1964 coelestis.

1207 1975 1242 2011 4.
1294 1974 1341 2010 Et
1366 1988 1514 2022 sequens
1540 1978 1735 2015 similitudo
1761 1982 1948 2027 significat,
1982 1989 2086 2023 nobis

1102 2026 1254 2070 plurima
1271 2027 1405 2061 remitti
1420 2039 1438 2060 a
1455 2029 1545 2062 Deo.

1205 2077 1422 2111 Accedamus
1456 2078 1565 2121 igitur
1597 2080 1639 2112 ad
1670 2080 1957 2128 similitudinem,
1997 2101 2086 2134 quae

1102 2127 1259 2162 continet
1277 2128 1449 2172 egregiam
1469 2129 1675 2164 doctrinam.

1152 2217 1284 2254 Simile
1307 2225 1357 2254 est
1382 2232 1532 2267 regnum
1554 2221 1732 2256 coelorum
1754 2224 1849 2270 regi,
1883 2227 1951 2274 qui
1971 2228 2084 2264 voluit

1200 2268 1395 2305 subducere
1411 2272 1571 2306 rationes
1590 2285 1667 2306 cum
1686 2275 1798 2308 serris
1815 2276 1905 2311 suis.

1200 2346 1270 2381 Hic
1292 2348 1445 2392 primum
1467 2349 1632 2390 observa,
1662 2362 1808 2394 regnum
1827 2354 2020 2397 coelorum,
2049 2357 2085 2391 id

1102 2405 1170 2438 est,
1205 2396 1418 2439 Ecclesiam,
1453 2399 1570 2432 vocari
1601 2401 1642 2433 ad
1676 2401 1848 2443 rationes,
1889 2405 1970 2437 item
2003 2419 2086 2450 pro-

1102 2449 1199 2494 prios
1229 2460 1346 2483 servos
1379 2448 1481 2491 regis,
1550 2448 1622 2482 Nos
1653 2464 1819 2486 vocamur
1847 2455 1889 2487 ad
1922 2456 2085 2494 rationes.

1102 2499 1175 2533 Nos
1204 2511 1372 2533 vocamur
1402 2500 1445 2532 ad
1479 2500 1742 2542 poenitentiam.
1802 2504 1886 2537 Ideo
1917 2506 2084 2551 scriptum

1074 2567 1076 2576 =
1102 2557 1152 2584 est
1172 2552 1203 2585 1.
1221 2549 1314 2584 Petr.
1332 2548 1382 2585 4,;
1412 2548 1586 2583 Iudicium
1606 2562 1623 2583 a
1643 2553 1746 2585 domo
1763 2552 1828 2588 Dei
1847 2554 1984 2600 incipit.

1205 2606 1318 2640 Valde
1342 2607 1449 2650 igitur
1469 2608 1672 2644 detestanda
1696 2617 1745 2645 est
1761 2608 1935 2647 horrenda
1953 2615 2083 2648 securi-

1103 2665 1154 2692 tas
1172 2655 1370 2693 hominum.

1377 2704 1462 2743 58*
