2409 2915
298 100 368 135 187

295 185 459 231 stupescit
476 192 508 218 et
523 181 662 224 refugit.
719 177 804 212 Ideo
828 177 945 223 inquit
966 174 1159 222 Propheta:
1194 177 1284 221 QuIs
1309 183 1311 187 ’

297 239 414 271 credet
431 233 585 268 sermoni
600 230 746 264 nostro?
798 228 866 263 Sed
886 240 950 262 nos
975 227 1059 261 baec
1076 229 1282 272 cogitemus:

296 289 384 322 (lum
403 293 537 319 certum
556 283 602 316 sit
621 293 729 325 genus
748 278 946 313 humanum
962 292 980 312 a
998 279 1072 312 Deo
1098 280 1282 313 conditum

297 349 369 371 esse
381 364 390 377 ,
417 343 454 369 ut
469 337 540 379 ipse
558 339 784 376 agnoscatur,
811 337 946 364 certum
964 330 1068 364 etiam
1088 341 1170 371 esse,
1188 331 1283 375 quod

296 389 391 421 Deus
416 388 451 419 in
479 386 599 430 aliquo
617 384 724 416 verbo
743 394 816 415 sese
834 381 1045 425 patefecerit.
1098 381 1216 414 Prima
1234 388 1282 414 est

297 445 413 472 autem
444 434 530 470 baec
559 432 763 479 prophetica
795 432 955 465 doctrina
985 438 1017 464 et
1039 431 1162 472 unica,
1195 444 1284 477 quae

296 489 463 523 omnibus
486 486 660 520 aetatibus
684 483 882 518 testimonia
910 480 1052 523 habuit,
1081 483 1175 527 quod
1202 483 1246 516 sit
1266 494 1283 515 a
1310 483 1312 521 ἶ

298 540 372 575 Deo
397 539 536 573 tradita.
591 535 630 568 ln
655 534 718 568 hac
744 533 903 567 doctrina
926 533 1118 566 revelatum
1145 540 1195 566 est
1218 531 1285 566 hoc
1311 535 1312 538 ’

298 590 485 624 consilium
503 590 545 621 de
563 587 654 620 Filio
674 584 750 618 Dei.
806 583 888 616 tdeo
906 584 1146 618 adsentiamur
1165 590 1216 617 tot
1235 591 1285 617 te-
1312 591 1313 606 ³

299 641 475 675 stimoniis
512 637 660 676 divinis,
699 635 949 668 resurrectioni
993 642 1216 668 mortuorum
1254 641 1283 667 et
1311 625 1314 672 ἶ

298 693 394 728 aliis,
423 702 486 723 nec
504 698 738 732 repugnemus
757 685 833 718 voci
850 685 934 726 Dei,
959 685 1094 718 etiamsi
1116 697 1188 718 non
1207 697 1286 729 per·
1312 688 1314 721 Ι

298 742 464 787 spicimus
482 751 537 773 res
554 745 678 772 tantas.
1313 724 1315 778 l

400 791 590 825 Deindede
605 788 717 822 causis
733 788 935 831 cogitemus,
950 799 1023 819 non
1043 788 1170 820 frustra
1190 793 1286 820 tanta
1313 788 1315 822 l

299 856 353 878 res
370 842 437 876 Dei
456 841 605 875 consilio
624 841 761 873 decreta
781 847 811 871 et
831 839 1020 871 constituta
1048 845 1116 877 est,
1143 839 1201 870 sed
1226 849 1285 869 ne-
1314 845 1316 871 ζ

299 907 390 928 cesse
414 900 466 926 est.
494 903 636 934 magnas
667 902 737 922 esse
761 901 891 922 causas.
959 888 1051 922 Sunt
1079 896 1194 921 aulem
1220 896 1288 921 tres

300 946 403 979 nobis
420 943 604 988 praecipue
623 942 838 984 cogitandae.
895 939 1108 981 Magnitudo
1129 940 1199 971 irae
1219 939 1285 972 Dei
1315 940 1316 975 l

300 998 468 1029 adversus
485 1000 680 1037 peccatum:
708 990 755 1024 Et
770 991 938 1023 immensa
955 990 1196 1023 misericordia
1208 991 1288 1031 Dei,
1315 992 1316 995 ’

302 1047 343 1081 Et
361 1058 460 1080 amor
480 1045 562 1078 Filii
582 1055 660 1086 erga
677 1054 750 1075 nos.

404 1096 579 1129 Conditus
601 1100 673 1127 erat
700 1091 807 1125 bomo
831 1092 873 1124 ad
891 1091 1117 1124 excellentem
1134 1091 1286 1134 dignita-

301 1157 389 1188 tem,
424 1155 456 1181 et
481 1153 567 1179 esset
593 1145 707 1186 imago
733 1142 815 1180 Dei,
853 1143 886 1174 id
913 1149 980 1182 est,
1015 1149 1054 1175 ut
1080 1143 1117 1175 in
1146 1141 1289 1175 homine

301 1211 438 1243 semper
458 1199 589 1231 luceret
609 1195 736 1227 noticia
756 1194 837 1233 Dei,
867 1200 899 1226 et
918 1193 1015 1226 Deus
1040 1194 1075 1225 in
1094 1206 1134 1226 eo
1151 1191 1287 1227 habita-

301 1258 371 1288 ret,
400 1256 432 1282 et
457 1261 496 1281 eo
522 1247 774 1284 delectaretur,
803 1245 852 1277 ibi
878 1245 1113 1288 acquiesceret
1136 1257 1175 1277 ac
1199 1244 1287 1277 Sab-

302 1303 422 1334 batum
449 1305 582 1342 ageret,
610 1305 641 1330 et
668 1295 829 1328 homines
848 1307 927 1327 vere
955 1296 1140 1328 laudarent
1162 1294 1288 1329 Deum.

302 1351 403 1385 Hanc
427 1357 559 1384 tantam
584 1347 790 1391 dignitatem
816 1346 931 1379 amisit
951 1344 1066 1378 Adam
1090 1357 1152 1379 suo
1179 1346 1289 1389 lapsu,

302 1410 336 1436 et
362 1403 430 1435 iam
454 1407 632 1434 aeternam
665 1398 754 1431 iram
785 1403 979 1436 meruerat,
1014 1396 1103 1429 sicut
1139 1396 1288 1430 diaboli:

303 1465 368 1487 nec
391 1452 463 1486 ulla
485 1457 643 1484 creatura
668 1449 804 1492 placare
826 1446 940 1480 Deum
966 1454 1121 1491 poterat,
1148 1459 1212 1481 nec
1235 1449 1287 1481 ul-

305 1505 377 1537 lum
397 1509 469 1536 erat
485 1513 546 1544 par
566 1500 719 1544 precium
740 1511 801 1543 pro
821 1505 974 1542 peccato.
1005 1497 1086 1531 Ideo
1097 1497 1210 1531 Filius
1224 1498 1288 1532 Dei
1316 1502 1318 1530 Ξ

305 1553 502 1589 intercessit
518 1552 568 1585 illi
586 1563 730 1594 magnae
749 1557 780 1583 et
799 1547 995 1581 horrendae
1013 1550 1094 1587 irae,
1112 1556 1144 1582 et
1160 1549 1289 1583 factum

305 1614 353 1639 est
389 1607 566 1637 decretum
607 1600 673 1635 hoc
703 1601 952 1634 admirandum
996 1601 1040 1633 de
1074 1601 1319 1634 redemtione*

305 1669 367 1701 per
385 1655 515 1689 Filium
533 1653 610 1687 Dei.

407 1706 442 1739 Si
463 1705 737 1747 intelligeremus
755 1703 874 1748 aliquo
890 1703 996 1736 modo
1015 1702 1102 1735 iram
1122 1701 1198 1741 Dei,
1214 1713 1293 1745 pos-

305 1769 420 1792 semus
434 1756 559 1789 melius
577 1755 728 1799 cogitare
746 1754 811 1787 hoc
829 1753 1014 1787 consilium
1033 1765 1193 1796 magnam
1211 1764 1288 1786 cau·
1319 1760 1322 1800 ’ᾖ

306 1822 378 1843 sam
410 1806 590 1841 babuisse:
631 1806 689 1839 sed
726 1803 880 1838 humana
915 1805 1061 1838 caecitas
1092 1816 1154 1848 uec
1185 1803 1293 1844 videt,
1320 1805 1322 1821 l

308 1872 370 1893 nec
397 1865 494 1891 curat
521 1858 604 1898 ista,
631 1868 753 1889 verum
782 1854 937 1888 Ecclesia
964 1868 999 1888 se
1022 1856 1063 1888 ad
1086 1853 1211 1888 barum
1240 1867 1294 1887 re-

310 1923 387 1944 rum
421 1908 667 1951 cogitationem
706 1908 895 1939 accendere
933 1912 965 1938 et
999 1906 1149 1939 excitare
1183 1906 1295 1938 debet.

312 1960 465 2003 Angelos
495 1959 648 1992 arbitror
682 1957 966 1999 magnitudinem
1001 1955 1132 2000 peccati
1164 1962 1196 1989 et
1228 1955 1295 1988 irae

310 2012 375 2046 Dei
394 2011 502 2054 magis
526 2016 556 2042 et
581 2021 619 2041 ex
646 2006 710 2040 hoc
729 2007 877 2040 consilio
898 2006 1102 2049 aestimare,
1131 2018 1234 2051 quam
1259 2019 1296 2039 ex

313 2063 435 2108 poenis
454 2061 605 2095 aeternis
623 2059 767 2093 diaboli.
823 2057 873 2091 Ac
892 2069 1028 2090 necesse
1047 2064 1096 2090 est
1120 2058 1215 2101 pium
1241 2071 1298 2101 pe-

312 2122 387 2148 ctus
405 2113 523 2146 animo
542 2109 786 2144 coborrescere
798 2109 1008 2151 cogitatione
1025 2106 1151 2141 barum
1173 2121 1299 2143 rerum.
1326 2129 1329 2138 t

316 2164 417 2209 lmpii
438 2162 521 2196 llaec
540 2175 611 2194 non
631 2168 774 2201 curant,
802 2160 883 2205 quia
901 2172 973 2192 uon
989 2159 1110 2193 vident
1128 2172 1232 2204 quam
1252 2167 1300 2194 te·
1327 2151 1330 2192 l

313 2225 363 2250 tra
383 2227 435 2248 res
451 2215 494 2247 sit
519 2220 707 2258 peccatum.
1328 2198 1331 2219 ι

418 2265 489 2298 Nus
520 2276 601 2295 vero
633 2264 843 2305 cogitemus,
878 2273 982 2307 quam
1011 2259 1188 2294 horrenda
1213 2262 1301 2294 mala
1330 2250 1331 2273 l

317 2319 384 2351 sint
406 2322 602 2349 contemtus
619 2315 705 2350 Dei.
736 2312 899 2358 Epicurei
926 2313 1082 2349 furores,
1112 2313 1301 2345 dubitatio-

319 2381 378 2401 nes
404 2369 445 2399 de
471 2365 565 2403 Deo,
593 2366 795 2405 idolatriae,
824 2372 856 2398 et
879 2364 1062 2407 multiplex
1090 2364 1250 2396 confusio
1274 2373 1301 2395 et

318 2417 538 2451 contumacia
557 2417 724 2448 adversus
742 2415 868 2448 Deum.
916 2415 1008 2447 Haec
1028 2415 1124 2447 illam
1145 2427 1303 2455 magnam

321 2472 407 2503 iram
427 2470 461 2501 iu
481 2475 595 2500 mente
613 2466 675 2500 Dei
703 2468 788 2498 iusta
807 2467 999 2499 excitarunt
1013 2493 1021 2505 ,
1049 2477 1154 2511 quam
1173 2466 1306 2509 placare

323 2534 391 2553 nou
413 2520 526 2567 potuit
546 2519 616 2551 ulla
637 2525 812 2553 creatura,
839 2525 868 2549 et
888 2525 1029 2561 propter
1055 2529 1159 2562 quam
1182 2518 1306 2561 ‹lepre-

322 2579 416 2604 cator
433 2572 544 2602 sactus
560 2578 608 2603 est
630 2569 751 2602 Filius.
808 2567 900 2600 Haec
919 2580 1028 2611 prima
1049 2580 1150 2601 causa
1170 2575 1230 2601 est.

426 2622 586 2655 §nvinda
620 2627 669 2653 est
702 2621 870 2652 immensa
902 2619 1139 2651 misericordia
1176 2620 1307 2653 aeterni

326 2673 446 2718 patris:
477 2672 683 2705 condiderat
707 2683 794 2715 opus
817 2683 886 2715 quo
906 2671 1015 2703 voluit
1033 2671 1218 2708 delectari.
1248 2683 1309 2703 nec

899 90 1024 125 PHlL.
1050 90 1166 128 MEL.
1194 89 1402 127 SCRIPTA
1430 92 1729 132 ExEGETtCA.

1610 29 1627 42 Ὅ

2253 98 2323 132 188

1336 181 1449 217 voluit
1467 182 1555 215 illud
1576 182 1611 214 in
1627 182 1831 215 universum
1853 183 1980 226 perire,
2008 194 2072 216 nec
2087 183 2203 227 potuit
2221 190 2321 215 aver—

1335 232 1404 265 sari
1421 231 1551 266 Filium
1570 234 1812 276 deprecantem
1825 260 1834 274 ‚
1861 234 1941 267 ideo
1958 234 2136 267 decretum
2161 235 2205 267 de
2230 232 2322 267 Filio

1336 282 1507 317 mittendo
1530 284 1660 316 factum
1682 291 1743 318 est.
1805 282 1851 318 Et
1875 285 2018 330 quidem
2051 284 2234 317 sciendum
2262 291 2325 325 est,

1309 356 1311 367 .
1336 334 1481 375 gratiam
1500 334 1690 367 exuberare
1705 345 1808 378 supra
1827 342 2018 378 peccatum,
2046 341 2085 368 ut
2103 333 2322 380 inquitPau-

1310 413 1311 418 ,
1338 385 1407 417 lus:
1437 382 1500 417 Est
1516 385 1638 429 ingens
1656 384 1706 417 ira
1719 411 1728 425 ‚
1756 386 1814 418 sed
1835 385 1991 430 placatur
2009 398 2070 430 per
2087 383 2181 419 hunc
2199 385 2323 430 depre-

1338 441 1501 469 catorem.

1442 485 1563 520 Tertia
1587 499 1688 520 causa
1711 493 1762 520 est
1787 486 1897 531 ipsius
1922 486 2007 521 Filii
2031 499 2129 520 amor
2146 498 2225 530 erga
2250 497 2326 527 nos,

1338 549 1441 582 quem
1466 549 1605 571 necesse
1627 545 1676 571 est
1693 549 1816 571 verum
1841 545 1875 571 et
1891 538 2102 572 immensum
2122 549 2215 576 esse,
2243 549 2321 570 cum

1339 595 1372 621 et
1388 589 1592 632 deprecator
1609 589 1726 629 fuerit,
1743 595 1778 622 et
1795 595 1913 632 postea
1931 589 2078 623 subierit
2097 601 2244 634 poenam
2259 600 2323 632 pro

1339 639 1461 677 nobis,
1489 646 1522 673 et
1537 646 1706 684 perpetuo
1725 639 1769 672 sit
1786 640 2014 683 propiciator.

1441 688 1535 723 Haec
1551 692 1668 724 onmia
1686 690 1797 735 pluris
1813 691 2024 731 faceremus,
2052 689 2079 723 si
2096 689 2184 722 iram
2203 687 2270 722 Dei
2293 695 2326 722 et

1313 780 1314 785 ¹
1342 753 1534 785 poenarum
1551 742 1831 785 magnitudinem
1847 741 2000 784 cogitare
2020 751 2209 785 possemus·
2248 740 2326 772 An—

1341 792 1407 835 geli
1439 792 1590 826 clamant
1622 805 1657 825 se
1693 793 1910 825 annunciare
1951 803 2116 835 magnum
2146 791 2327 833 gaudium,

1342 843 1422 887 quia
1440 842 1506 886 ipsi
1525 843 1727 887 intelligunt
1743 851 1872 888 quanta
1890 855 1944 876 res
1961 843 2004 876 sit
2028 843 2078 876 ira
2097 841 2162 875 Dei
2189 848 2222 874 et
2245 853 2329 885 poe-

1343 906 1405 926 nae
1422 901 1602 934 aeternae,
1619 895 1697 927 ideo
1714 895 1827 928 sciunt
1847 892 1914 927 hoc
1932 892 2142 927 beneficium
2159 905 2239 925 vere
2256 904 2329 924 ma-

1341 956 1444 987 gnam
1483 944 1651 978 laetitiam
1692 945 1869 978 salvandis
1906 946 2097 988 parituram
2134 955 2221 976 esse:
2270 944 2328 976 sed

1342 996 1496 1029 mundus
1521 993 1576 1028 his
1595 996 1698 1028 rebus
1716 1007 1838 1039 parum
1859 996 2027 1036 afficitur,
2056 993 2161 1027 habet
2181 994 2330 1038 quisque

1314 1084 1317 1095 Ι
1342 1059 1402 1079 sua
1425 1047 1566 1089 negocia
1579 1071 1588 1084 ‚
1606 1059 1694 1091 quae
1709 1046 1905 1090 voluptates
1923 1054 1983 1080 aut
1999 1047 2139 1079 dolores
2156 1045 2329 1078 adferunt.

1343 1096 1444 1129 Hanc
1467 1097 1689 1141 praecipuam
1723 1109 1816 1137 rem,
1852 1095 1918 1130 Dei
1950 1096 2270 1131 reconciliationem
2299 1101 2334 1128 et

1343 1148 1449 1181 vitam
1479 1156 1655 1181 aeternam
1682 1148 1780 1190 pauci
1806 1154 1946 1181 curant:
1976 1149 2035 1181 sed
2059 1146 2094 1180 hi
2121 1147 2182 1192 qui
2207 1153 2332 1179 curant

1343 1206 1374 1232 et
1394 1207 1527 1233 norunt
1544 1206 1734 1242 peccatum,
1761 1197 1816 1231 his
1834 1206 1883 1231 est
1903 1210 2027 1241 magna
2046 1197 2238 1231 consolatio
2250 1195 2334 1230 Filii

1343 1250 1487 1292 agnitio.
1549 1249 1595 1282 Hi
1629 1252 1670 1282 de
1703 1249 1941 1293 appellatione
1966 1248 2070 1282 huius
2096 1247 2256 1281 beneficii
2282 1253 2334 1280 te-

1343 1308 1450 1333 neant
1474 1301 1674 1334 doctrinam
1699 1301 1741 1333 de
1769 1300 1854 1339 fide,
1890 1312 1977 1345 quae
2009 1298 2066 1332 bic
2096 1299 2133 1331 in
2165 1298 2335 1342 particula

1346 1348 1465 1384 Vobis
1480 1352 1712 1394 significatur:
1740 1350 1851 1383 Vobis
1867 1351 2044 1383 annuncio
2064 1349 2248 1393 gaudium,
2276 1360 2338 1382 vo-

1343 1402 1397 1434 bis
1415 1409 1517 1435 natus
1535 1409 1603 1442 est,
1632 1402 1665 1434 id
1686 1408 1747 1442 est,
1774 1402 2017 1446 unusquisque
2034 1407 2163 1434 statuat
2180 1412 2243 1443 pro
2265 1411 2337 1433 sese

1345 1452 1478 1485 Filium
1496 1452 1561 1486 Dei
1582 1453 1761 1485 victimam
1782 1463 1853 1484 esse.
1869 1453 2018 1492 sactum,
2046 1451 2112 1484 sibi
2130 1451 2338 1484 reconcilia-

1344 1510 1417 1536 tum
1443 1516 1514 1537 esse
1534 1511 1685 1548 patrem,
1715 1503 1781 1536 sibi
1804 1503 1976 1536 redditam
2000 1514 2072 1536 esse
2096 1502 2203 1535 vitam
2227 1509 2338 1535 aeter-

1345 1566 1439 1590 nam.

1552 1638 1616 1672 De
1646 1640 1832 1672 cantico
1862 1637 2154 1684 angelorum.

1450 1701 1547 1736 Sicut
1564 1701 1760 1748 Prophetae
1777 1704 1820 1736 de
1842 1714 1950 1746 regno
1969 1702 2119 1736 Messiae
2144 1701 2340 1746 loquentes,

1349 1754 1547 1799 plerunque
1566 1755 1609 1787 (le
1638 1754 1943 1788 consummatione
1968 1754 2185 1799 loquuntur,
2214 1752 2340 1785 videli-

1350 1811 1401 1838 cet
1425 1806 1467 1836 de
1487 1805 1548 1837 illo
1573 1805 1647 1848 ipso
1684 1806 1803 1838 suturo
1830 1812 1940 1842 statu,
1975 1805 2010 1836 in
2045 1816 2113 1848 quo
2147 1803 2342 1836 resuscitati

1350 1856 1510 1888 fruemur
1529 1862 1667 1887 aeterua
1684 1856 1794 1899 gloria
1812 1867 1890 1889 cum
1907 1854 2063 1894 Christo,
2090 1856 2136 1887 ita
2154 1854 2182 1886 si
2203 1852 2258 1886 hic
2276 1866 2339 1886 an-

1351 1907 1508 1948 gelorum
1537 1903 1708 1950 liymuum
1734 1908 1775 1938 ad
1803 1919 1882 1939 eum
1912 1913 2038 1939 statum
2062 1905 2208 1943 reseras,
2236 1917 2340 1949 quem

1351 1963 1442 1989 certe
1465 1958 1749 2004 complectuntur
1772 1957 1906 2000 angeli,
1940 1957 2093 1990 facilima
2125 1956 2190 1989 erit
2223 1955 2341 1990 decla-

1324 2007 1326 2037 ἶ
1352 2007 1454 2041 ratio.

1457 2055 1499 2090 Et
1519 2056 1670 2103 hymnus
1688 2066 1735 2091 est
1755 2059 1944 2102 descriptio
1971 2059 2066 2091 illius
2083 2058 2214 2090 aeterni
2235 2058 2345 2101 regni,

1355 2109 1453 2154 quasi
1472 2109 1589 2142 dicant
1608 2123 1614 2142 :
1645 2109 1791 2142 Messias
1809 2110 1939 2143 adseret
1959 2110 2059 2143 vobis
2083 2109 2248 2151 deinceps
2271 2121 2345 2142 non

1358 2161 1543 2203 imperium
1570 2161 1712 2197 mundi,
1739 2161 1826 2194 sieut
1853 2162 2005 2206 putatis,
2033 2161 2091 2193 sed
2118 2160 2213 2192 aliud
2232 2161 2345 2204 quod-

1329 2221 1331 2242 :
1358 2213 1437 2243 dam
1466 2223 1628 2253 reguum.
1658 2213 1751 2256 quod
1776 2212 1841 2245 erit
1865 2213 1950 2246 tale:
1981 2211 2075 2245 Deus
2103 2223 2218 2244 coram
2237 2221 2347 2254 agno-

1358 2270 1489 2299 stetur,
1518 2270 1547 2295 et
1567 2271 1649 2296 tunc
1669 2270 1806 2295 aeterua
1826 2270 1857 2296 et
1876 2275 1954 2296 vera
1973 2264 2075 2295 laude
2089 2261 2163 2294 siue
2181 2261 2263 2294 ullis
2281 2262 2348 2294 du—

1360 2313 1592 2346 bitationiluus
1618 2314 1869 2350 celebrabitur.
1903 2314 2139 2354 intelligemus
2170 2314 2348 2356 quomodo

1360 2365 1402 2397 sit
1429 2366 1590 2397 conditus
1612 2362 1736 2403 lto-no,
1766 2365 2002 2407 intelligemus
2024 2365 2111 2396 iram
2133 2361 2207 2395 Dei
2223 2365 2347 2396 adser-

1360 2427 1416 2448 sus
1427 2423 1614 2458 pecvatum,
1631 2423 1660 2448 et
1674 2415 1952 2460 praedicabimus
1965 2414 2253 2452 misericordiam,
2267 2426 2351 2447 con-

1361 2467 1547 2510 spiciemus
1572 2467 1700 2499 Filium
1728 2464 1818 2502 Dei.
1847 2473 1878 2499 et
1898 2467 2011 2511 qualis
2034 2466 2076 2499 sit
2098 2465 2155 2498 illa
2191 2465 2350 2498 miranda

1363 2518 1507 2550 societas
1537 2518 1678 2550 divinae
1711 2525 1741 2549 et
1768 2515 1941 2549 humanae
1971 2525 2114 2550 naturae
2142 2516 2352 2555 videbimus,

1334 2586 1335 2592 κ
1363 2581 1543 2601 cernemus
1558 2569 1736 2613 quomodo
1762 2581 1899 2612 semper
1925 2568 2076 2601 adsuerit
2097 2565 2291 2605 Ecclesiae,
2318 2575 2350 2601 et

1363 2621 1540 2663 ‹pioutodo
1563 2621 1670 2652 sactae
1686 2619 1753 2652 sint
1773 2620 1953 2653 mirandae
1971 2618 2216 2656 filu-tatinum,
2244 2618 2350 2651 iuter-

1364 2671 1471 2703 cessio
1500 2678 1574 2714 post
1603 2671 1758 2714 lapsum,
1785 2671 1946 2704 liberatio
1970 2671 2004 2703 in
2028 2669 2181 2709 diluvio,
2210 2669 2351 2702 inmari

2387 940 2409 1043 ‚Qus
2388 863 2405 927 nne
