2409 2915
254 104 350 140 1063

253 190 304 224 Ita
323 190 416 235 quod
434 189 497 221 ait:
526 184 708 220 Habitabit
725 184 762 217 in
777 183 892 224 nobis,
909 184 1081 228 significat
1097 185 1133 219 id
1147 186 1241 230 quod

252 239 344 275 Phil.
359 238 558 274 ll.dicitur:
587 235 628 270 In
645 236 914 270 similitudinem
925 234 1111 270 hominum
1122 237 1244 277 factus,

255 290 377 325 habitu
403 290 568 323 inventus
591 295 631 322 ut
647 284 772 328 hom0;
800 293 833 321 et
848 285 959 323 Hebr.
976 286 1055 321 IV.:
1080 287 1161 321 Non
1180 285 1243 320 ha-

255 343 398 375 beamus
416 340 636 384 pontificem,
662 338 723 382 qui
742 350 814 371 11011
838 338 946 382 possit
970 339 1121 383 compati
1145 338 1243 371 infir-

254 392 436 425 mitatibus
452 390 596 431 nostris,
624 395 795 423 tentatum
814 401 876 433 per
898 389 1018 422 omnia
1038 401 1100 433 pro
1118 389 1243 422 simili-

258 443 380 476 tudine
399 443 529 486 absque
546 447 697 486 peccato.
752 439 838 473 Item
852 466 860 481 ‚
889 440 970 485 quia
988 447 1020 474 et
1039 440 1111 484 ipse
1127 450 1246 484 passus

257 500 324 534 est,
352 493 459 537 idque
473 493 520 526 ita
537 499 575 526 ut
595 491 807 526 novissimus
833 488 1018 524 hominum
1035 504 1052 524 a
1069 488 1244 535 Propheta

259 551 416 584 vocetur,
445 544 571 587 gaudet
590 542 741 586 compati
761 542 956 575 nobiscum.
1013 541 1126 582 Idem,
1151 541 1246 586 quod

260 595 331 639 ipse
360 606 480 639 passus
503 601 571 634 est,
614 605 686 626 11011
709 599 855 637 possunt
880 604 953 626 11011
980 593 1148 626 salutares
1174 603 1246 625 esse

259 646 391 679 formae
409 645 540 686 crucis,
568 655 695 688 nempe
711 656 797 689 quas
816 644 890 688 ipse
905 643 1143 678 sanctificavit.

448 730 492 761 El
521 724 678 760 vidimus
697 727 743 769 ¹²⁷)
769 725 933 773 gloriam
963 726 1050 761 eius.

360 792 576 829 Antithesim
600 795 683 829 facit
705 793 865 830 Ioannes.
919 794 1008 829 Nam
1026 801 1106 828 ante
1122 795 1164 827 de
1180 791 1248 827 hu-

258 846 455 880 miliatione
485 843 637 887 Christi,
678 843 734 879 hic
757 858 896 879 rursum
922 847 965 878 de
997 845 1250 889 glorificatione

258 897 428 943 loquitur.
484 895 611 931 Gloria
628 903 763 940 praeter
780 897 898 929 omnia
918 896 1085 929 miracula
1105 892 1251 936 Christi,

258 955 309 983 est
334 948 542 982 resurrectio
569 948 643 982 eius
666 959 684 980 a
709 953 840 987 morte,
872 944 965 990 Eph.
990 945 1035 982 I.:
1069 946 1249 981 Suscitans

258 999 361 1033 illum
382 1011 400 1033 a
418 999 568 1032 mortuis
593 1005 624 1031 et
643 997 860 1031 constituens
884 997 1049 1030 illum'ad
1072 998 1249 1030 dexteram

258 1061 368 1083 suam.
421 1048 543 1094 Neque
566 1048 664 1081 aliud
688 1048 899 1081 miraculum
927 1054 987 1081 aut
1009 1060 1098 1092 opus
1115 1046 1249 1083 Christi

258 1101 407 1134 salutare
425 1100 529 1133 nobis
547 1105 596 1132 est
614 1105 752 1143 praeter
774 1097 857 1137 hoc,
885 1106 924 1133 ut
943 1096 1114 1133 Matthaei
1135 1097 1249 1132 XVI.:

257 1150 337 1185 Non
356 1151 499 1185 dabitur
515 1150 559 1183 iis
575 1150 715 1193 signum
733 1150 802 1184 nisi
821 1150 960 1193 signum
978 1149 1083 1183 Ionae
1092 1147 1249 1193 Prophe-

257 1208 324 1237 tae.
376 1200 482 1237 Rom.
500 1200 546 1242 l.,
574 1201 656 1235 item
673 1200 735 1235 X.:
763 1200 801 1235 Si
826 1201 863 1234 in
886 1201 1067 1235 cordetuo
1089 1201 1250 1234 credide-

258 1253 324 1293 ris,
353 1253 448 1298 quod
466 1250 562 1285 Deus
577 1251 757 1286 suscitavit
779 1251 881 1285 illum
904 1264 921 1285 a
939 1252 1108 1293 mortuis,
1134 1252 1252 1285 salvus

260 1303 340 1338 eris.
382 1303 480 1346 Quid
498 1309 548 1337 est
567 1309 682 1337 autem
700 1303 840 1336 credere
859 1303 1101 1337 resuscitatum
1119 1315 1136 1335 a
1155 1314 1253 1335 mor-

259 1354 353 1388 tuis?
405 1353 635 1398 Respondeo:
663 1352 728 1388 Est
744 1355 884 1387 credere
894 1351 1076 1387 Christum
1093 1364 1252 1396 regnare,

259 1405 383 1438 vicisse
401 1412 551 1439 mortem
571 1412 603 1438 et
620 1404 762 1447 fregisse
787 1411 906 1448 portas
924 1404 1046 1444 inseri,
1073 1403 1252 1437 sustulisse

258 1461 457 1499 peccatum,
482 1455 573 1489 tueri
594 1466 678 1493 nos,
708 1454 946 1489 iudicaturum
970 1454 1172 1488 incredulos
1189 1460 1252 1487 etc.

258 1505 354 1539 Haec
368 1506 478 1549 gloria
498 1505 766 1540 resurrectionis
782 1512 850 1546 est,
877 1517 944 1550 qua
962 1505 1134 1548 glorificat
1149 1503 1253 1539 Chri-

260 1563 332 1592 stus
357 1568 480 1590 omnes
503 1557 682 1590 credentes
708 1556 775 1589 sibi
796 1563 858 1591 etc.
874 1574 925 1580 -—-
957 1552 1154 1595 Vidimus,
1180 1566 1252 1587 non

260 1607 372 1641 oculis
397 1614 534 1641 tantum
559 1606 685 1645 carnis,
715 1607 775 1640 sed
792 1607 859 1639 fide
885 1607 1084 1647 credentes,
1119 1613 1152 1640 et
1174 1617 1253 1639 sen-

261 1658 403 1700 tientes,
431 1665 610 1702 peceatum
631 1664 663 1691 et
681 1664 829 1692 mortem
848 1657 959 1691 deleta
980 1668 1062 1691 esse.

652 1740 863 1788 Unigenili.

363 1810 595 1856 Unigenitum
615 1818 727 1850 vocat,
751 1817 790 1844 ut
808 1809 989 1853 significet,
1005 1815 1130 1843 natura
1143 1810 1255 1844 filium

261 1863 325 1897 Dei
343 1873 425 1896 esse.
473 1861 562 1896 Nam
580 1862 713 1907 alioqui
731 1873 854 1895 omnes
871 1860 982 1894 sancti
999 1861 1062 1893 filii
1080 1859 1146 1894 Dei
1164 1868 1257 1902 sunt,

263 1921 301 1947 ut
326 1924 402 1946 non
428 1913 537 1956 possit
557 1913 762 1957 unigenitus
788 1912 877 1952 dici,
919 1911 986 1944 nisi
1014 1919 1138 1946 natura
1164 1913 1256 1946 filius

264 1963 328 1997 Dei
345 1970 433 1997 esset
458 1970 490 1998 et
513 1960 619 1996 Deus.

482 2043 636 2080 Plenum
663 2044 791 2092 gralia
821 2049 852 2078 el
881 2044 1037 2081 scritate.

369 2121 436 2155 Hic
457 2120 620 2167 exponit,
648 2120 733 2165 quid
753 2119 926 2153 vocaverit
945 2120 1106 2164 gloriam,
1131 2134 1256 2167 nempe

268 2175 414 2217 gratiam
442 2179 475 2206 et
503 2172 696 2207 veritatem.
776 2170 899 2204 Gratia
931 2178 996 2210 051,
1037 2183 1105 2215 qua
1137 2173 1255 2205 omnia

268 2223 411 2261 Christo
430 2222 476 2269 ἰιι)
508 2223 581 2258 Deo
612 2228 749 2266 accepta
781 2227 882 2261 sunt;
919 2221 1044 2254 veritas
1075 2229 1146 2261 cst,
1187 2235 1255 2268 qua

268 2277 386 2312 omnia
406 2287 505 2315 vera,
534 2276 625 2308 bona
643 2281 674 2307 et
701 2279 818 2306 sancta
843 2279 942 2309 511111,
970 2284 1058 2317 quae
1083 2281 1256 2317 operatur.

273 2329 314 2361 ht
350 2328 437 2358 sicut
470 2324 619 2357 loannes
656 2324 802 2363 gloriam
834 2321 965 2357 Christi
999 2323 1256 2366 plenitudinem

848 97 973 136 PHIL.
1001 96 1116 134 MEL.
1140 98 1350 136 SCRIPTA
1376 97 1676 137 EXEGETICA.

2186 102 2283 137 1064

1294 197 1442 230 regnum
1472 194 1523 221 est
1551 198 1698 231 regnum
1729 186 1990 220 misericordiae
2013 197 2073 220 seu
2097 187 2229 231 gratiae
2251 194 2285 221 et

1296 237 1471 279 veritatis3
1497 238 1646 281 gratiae,
1674 238 1756 283 quia
1781 238 1886 271 nobis
1910 237 2113 271 reconciliat
2131 245 2283 282 patrem3

1296 288 1470 329 veritatis,
1499 288 1582 333 quia
1605 301 1746 323 veraces
1769 296 1802 323 et
1828 295 1966 323 sanctos
1987 288 2069 322 facit
2094 289 2285 324 credentes.

1295 339 1428 380 Porro,
1462 338 1636 384 siquidem
1660 337 1794 374 Christi
1822 351 1971 384 regnum
1995 345 2131 373 tantum
2156 339 2286 383 gratiae

1297 396 1330 424 et
1345 390 1500 423 veritatis
1515 401 1661 433 regnum
1678 396 1741 431 est,
1766 402 1850 434 ergo
1867 397 1960 425 extra
1971 387 2149 425 Christum
2166 389 2286 424 omnia

1298 448 1380 475 511111
1398 447 1536 485 peccata
1551 447 1584 474 et
1601 440 1794 474 mendacia.

1534 523 1698 559 Ioannes
1721 529 1875 560 testatur
1897 523 1939 560 de
1960 525 2051 573 ipso.

1403 591 1517 636 Supra
1537 593 1703 627 discrevit
1720 590 1903 626 Christum
1920 605 1937 626 a
1956 591 2104 633 loanne,
2132 593 2288 638 adeoque

1271 640 1275 689 1
1301 644 1344 676 ab
1362 643 1528 676 omnibus
1548 641 1752 688 ProphetiS,
1779 650 1818 678 ut
1836 641 2197 678 indicaretChristum
2216 655 2289 677 11011

1301 695 1481 728 doctorem
1513 700 1650 728 tantum
1680 706 1772 734 esse,
1807 700 1844 727 ut
1872 701 1954 728 sunt
1978 692 2192 738 Prophetae,
2229 695 2288 728 sed

1301 745 1500 778 effectorem
1525 745 1663 786 salutis3
1689 745 1750 790 qui
1774 745 1872 778 locus
1891 745 2027 788 insigne
2043 753 2288 789 argumentum

1302 802 1354 829 est
1375 796 1542 829 adversus
1568 807 1644 835 eos,
1679 795 1739 840 qui
1763 795 1854 829 vires
1877 792 2050 829 humanas
2072 796 2287 840 praedicant.

1274 841 1277 894 l
1302 845 1370 879 Hic
1393 847 1437 879 ad
1454 845 1622 880 loannem
1648 846 1758 885 redit,
1786 853 1818 880 et
1844 846 2069 891 prosequitur
2092 844 2288 881 historiam.

1303 896 1396 939 Quia
1420 897 1514 930 enim
1532 895 1694 932 Christus
1718 897 1882 941 apparuit
1907 897 2032 931 vitiore
2054 898 2184 938 forma,
2210 909 2291 930 cru-

1303 947 1352 981 cis
1375 948 1524 986 scilicet,
1557 960 1662 993 quam
1687 948 1791 982 vellet
1813 947 1925 988 ratio,
1950 955 1984 982 et
2006 947 2088 992 quia
2111 948 2292 992 praedica-

1303 998 1352 1032 tio
1387 998 1605 1032 remissionis
1638 1005 1861 1043 peccatorum
1894 998 2064 1042 gratuitae
2095 999 2290 1042 refragatur

1304 1049 1402 1083 omni
1424 1049 1540 1083 sensui
1567 1050 1700 1090 carnis,
1726 1050 1806 1083 ideo
1824 1050 1982 1093 oportuit
1996 1057 2029 1083 et
2047 1049 2222 1094 praemitti
2241 1056 2292 1084 te-

1305 1107 1392 1134 stem
1410 1098 1554 1134 Christo
1579 1108 1612 1136 et
1633 1099 1678 1136 ab
1693 1099 1929 1145 Evangelistis
1956 1101 2095 1135 tractari
2122 1100 2219 1134 illius
2243 1106 2294 1134 te-

1306 1151 1525 1186 stimonium.

1706 1234 1780 1269 Hic
1805 1228 1896 1277 er'al,

1305 1316 1408 1349 quem
1433 1303 1569 1344 indico,
1596 1303 1711 1348 qualis
1731 1303 1846 1349 qualis
1869 1302 1970 1337 vobis
1991 1303 2157 1337 videtur?
2184 1303 2218 1337 id
2235 1310 2295 1344 est,

1305 1367 1384 1387 caro
1410 1354 1562 1394 indicat,
1589 1351 1685 1387 hunc
1708 1367 1782 1388 nou
1808 1365 1880 1387 esse
1906 1365 2004 1398 posse
2025 1351 2217 1389 Christum.
2247 1373 2294 1380 —-

1305 1403 1365 1437 De
1385 1415 1456 1451 quo
1481 1401 1662 1442 dicebam,
1691 1405 1725 1437 id
1751 1411 1818 1445 est,
1846 1411 1926 1438 ante
1945 1415 2021 1437 sum
2039 1405 2186 1438 obscure
2205 1405 2295 1438 vati·

1306 1456 1441 1489 cinatus
1465 1455 1508 1487 de
1532 1466 1584 1489 eo.
1611 1475 1660 1482 —
1713 1452 1884 1500 Quicum
1904 1465 1958 1487 me
1973 1459 2196 1502 sequeretur,
2223 1455 2247 1488 i.
2265 1467 2294 1488 e.

1307 1517 1380 1539 non
1407 1506 1513 1538 modo
1538 1505 1779 1548 praedicator,
1813 1506 1871 1538 sed
1896 1505 2068 1545 salvator,
2095 1505 2176 1550 quia
2201 1503 2296 1540 Deus

1307 1563 1375 1597 est,
1409 1556 1508 1588 0111115
1540 1555 1662 1588 faciem
1695 1555 1870 1599 praecedit
1902 1555 2104 1588 novissimis
2128 1557 2297 1599 tempori-

1307 1608 1372 1640 bus
1388 1606 1533 1649 angelus
1549 1606 1693 1646 missus,
1720 1613 1758 1639 ut
1775 1603 2005 1641 Malachstll.
2029 1625 2075 1631 —-
2132 1604 2298 1640 Anteces-

1307 1657 1354 1691 sie
1387 1668 1458 1695 me,
1495 1656 1528 1689 id
1560 1663 1632 1696 est,
1667 1667 1772 1701 super
1802 1669 1877 1697 me,
1917 1656 1969 1689 vel
2000 1657 2116 1690 maior
2149 1668 2203 1690 me
2237 1665 2299 1692 est.

1308 1708 1397 1742 Nam
1421 1721 1461 1741 eo
1484 1708 1616 1753 ubique
1636 1706 1786 1741 loannes
1809 1707 1941 1745 tendit,
1970 1714 2008 1741 ut
2031 1708 2168 1748 doceat,
2194 1705 2298 1742 Chri-

1308 1767 1398 1794 stum
1417 1771 1488 1792 non
1508 1759 1688 1792 doctorem
1708 1765 1864 1799 tantum,
1893 1759 1951 1792 sed
1969 1758 2088 1792 lumen
2105 1765 2136 1792 et
2156 1758 2275 1794 vitam.

1596 1841 1698 1890 Quia
1722 1842 1828 1890 prior
1851 1853 1905 1876 me
1928 1847 2017 1881 emt,

1309 1912 1344 1946 id
1369 1918 1438 1952 est,
1473 1910 1599 1944 missus
1623 1918 1673 1945 est
1697 1911 1751 1944 vel
1777 1911 1983 1952 ordinatus,
2017 1911 2077 1956 qui
2104 1911 2300 1947 mitteretur

1310 1963 1513 2007 priusquam
1543 1973 1606 2005 ego
1631 1962 1808 2003 mitterer;
1843 1963 1875 1995 id
1904 1968 1972 2000 051,
2009 1959 2067 1995 hic
2089 1969 2160 2002 est,
2195 1975 2299 2007 quem

1308 2013 1506 2056 expectatis,
1533 2012 1593 2058 qui
1612 2013 1712 2046 vobis
1728 2013 1764 2046 in
1783 2013 1855 2058 lege
1867 2019 1899 2047 et
1910 2009 2095 2056 Prophetis
2110 2013 2302 2057 promissus

1309 2070 1372 2098 est.
1426 2062 1502 2104 Ego
1520 2075 1634 2107 nuper
1651 2063 1681 2096 ei
1698 2063 1854 2097 ministri¹
1870 2071 1902 2097 et
1919 2064 2014 2097 testis
2025 2064 2098 2097 vice
2109 2063 2302 2107 promissus

1308 2125 1399 2149 sum.
1453 2113 1636 2148 Caeterum
1669 2114 1742 2157 ipse
1775 2114 1979 2158 principalis
2011 2114 2070 2147 ille
2091 2121 2161 2154 est,
2195 2127 2299 2161 quem

1309 2164 1496 2209 expectatis
1519 2171 1552 2197 et
1577 2164 1637 2209 qui
1657 2164 1782 2198 missus
1802 2171 1849 2199 est
1867 2164 2070 2210 priusquam
2087 2176 2150 2209 ego
2168 2165 2301 2211 incipe·

1309 2227 1382 2248 rem
1402 2214 1614 2260 praedicare.

1567 2296 1620 2332 El
1645 2296 1688 2333 de
1707 2295 1939 2347 plenitudine
1962 2300 2050 2337 eius.

271 2377 399 2420 gratiae
433 2382 465 2409 01
502 2374 658 2407 veritatis
690 2380 807 2411 vocat.
842 2374 887 2405 itu
919 2371 1055 2405 Esaias:
1093 2372 1256 2415 lic-gnum
1311 2369 1392 2414 quia
1419 2369 1454 2401 in
1477 2380 1518 2402 00
1543 2365 1677 2401 habitat
1702 2367 1887 2412 plenitudo
1912 2367 2109 2401 divinitatis
2134 2379 2300 2414 corpora-

271 2427 402 2462 Christi
419 2426 480 2466 ⁸”):
511 2424 782 2467 Praeparnbitur
807 2423 841 2456 in
860 2422 1100 2456 misericordia
1120 2425 1258 2463 solium,
1281 2411 1285 2454 i
1312 2420 1404 2455 liter.

1282 2457 1284 2518 ¹,
1309 2469 1405 2505 Deus
1423 2470 1495 2515 ipse
1513 2476 1575 2504 051.

271 2486 302 2512 01
322 2476 453 2512 sedebit
472 2487 575 2521 super
593 2475 706 2520 ipsum
725 2474 760 2507 in
780 2475 925 2508 veritate
938 2501 947 2514 ,
976 2474 1097 2515 idest,
1124 2473 1256 2510 Christi

308 2622 354 2648 1⁴7)
375 2622 467 2643 90101,
489 2619 652 2642 ridebimus.

312 2658 356 2681 Ψ)
377 2656 419 2678 stc
438 2657 551 2683 1111511111·
573 2653 655 2676 editio

310 2691 356 2718 ⁴9)
376 2689 517 2716 intellige:
537 2688 672 2711 dener-'tm
695 2687 737 2710 1111
758 2694 788 2711 w
803 2687 867 2712 wie,
893 2685 936 2708 vel
957 2684 1063 2708 nimina.

1464 2416 1596 2452 Omnia
1619 2418 1714 2451 enim
1736 2415 1878 2452 Christo
1904 2418 2059 2453 5111110015
2085 2425 2184 2461 511111,
2218 2420 2300 2465 quia

1627 2552 1830 2597 Accepimus
1856 2565 1987 2590 onmes.

689 2652 743 2675 Sed
763 2654 827 2682 puto
846 2653 910 2674 mm,
926 2650 1041 2674 “Arnen
1062 2650 1199 2676 flemme
1219 2652 1248 2677 ‘n
1282 2648 1285 2661 ζ
1313 2621 1346 2653 id
1373 2627 1420 2654 051
1436 2647 1443 2657 ,
1472 2619 1644 2664 Spiritum
1671 2626 1831 2653 sanctum
1859 2628 1888 2654 et
1913 2621 2081 2662 gratiam,
2108 2634 2175 2667 qua
2195 2624 2298 2657 nobis

1283 2706 1286 2719 .
1314 2673 1469 2715 placatus
1493 2677 1543 2704 est
1570 2678 1682 2715 pater,
1710 2682 1772 2715 pro
1789 2671 1919 2715 gratia,
1943 2684 2010 2717 qua
2028 2671 2057 2705 ei
2077 2671 2233 2716 placatus
2248 2682 2297 2708 051
