2409 2915
257 99 330 135 371

381 179 599 225 Dominica
615 174 758 218 XVII.
773 177 869 227 post
885 172 1124 215 Trinitatis.

529 249 765 294 Evangelium
783 246 900 282 Lucae
920 246 978 282 14.

852 85 979 125 PHIL.
1005 83 1123 124 MEL.
1145 83 1356 124 SCRIPTA
1381 83 1686 123 EXEGETICA.

2208 87 2285 126 3⁷2

1301 178 1428 216 gantur
1440 184 1562 206 omnes
1581 169 1808 206 ceremoniae
1829 168 2002 205 divinitus
2025 169 2226 213 institutae,
2252 180 2287 208 et

1301 223 1450 257 sciamus
1465 223 1622 270 praecipi
1638 221 1946 256 conservationem
1971 221 2105 265 publici
2129 221 2289 257 ministe-

1302 273 1366 314 rii,
1393 274 1572 307 doctrinae
1588 280 1622 307 et
1637 272 1938 312 ceremoniarum,
1965 282 2051 316 quas
2068 270 2164 304 Deus
2185 271 2288 306 insti-

316 320 369 355 Et
390 319 531 365 facium
549 321 600 351 est
617 327 695 349 cum
711 313 895 347 introisset
910 311 1016 347 Iesus
1042 313 1080 347 in
1105 311 1250 347 domum
1303 323 1381 358 [uit.
1420 322 1476 356 Ad
1495 323 1584 356 fflud
1600 322 1783 367 publffcum
1800 322 2036 356 ministerium
2055 332 2144 365 opus
2159 327 2209 355 est
2223 321 2290 355 εΗ,
2340 337 2346 341 ,

368 366 558 405 ΜῘΗΜῙΜΠ
573 364 752 414 ΡΓῘΜῘΡῘς
765 361 1053 398 Pharisaeffl'um
1072 362 1251 403 Sabbaloa
1304 385 1374 418 quo
1397 379 1554 416 tempore
1577 380 1694 414 certo,
1725 379 1775 406 est
1796 373 1904 415 igitur
1921 372 2067 406 sabbati
2090 371 2289 406 observatio

368 419 423 455 ad
439 414 740 452 manducandum
751 425 902 462 panem,
929 419 959 448 el
987 413 1060 461 ipsi
1086 413 1252 447 observa-

369 470 458 505 bant
482 481 572 503 eum.
637 465 690 499 Et
706 477 795 506 ecce,
818 461 927 497 homo
944 462 1095 511 quidam
1113 461 1253 510 hydro-

370 521 473 568 picus
500 523 575 552 erae
599 522 683 552 ante
707 514 826 549 illum.
880 512 932 547 Et
957 512 1173 561 respondens
1192 512 1254 547 Ie-

370 583 434 604 sus
451 568 548 603 dixit
569 564 878 612 {tdLegisperilos
894 569 924 598 el
939 561 1181 605 Pharisaeos,
1198 561 1255 596 di-

371 632 471 654 cens:
508 618 554 652 Si
569 617 649 651 licet
668 615 835 649 Sabbata
857 614 1008 649 curare?
1042 613 1089 648 At
1111 613 1175 648 illi
1195 618 1254 647 la-

375 674 541 710 cuerunI,
574 672 604 701 el
630 663 895 714 apprehensum
917 665 1067 699 sanavit
1091 676 1187 704 eum,
1212 675 1255 697 ac

375 719 528 754 dimisit.
590 717 643 751 Et
669 714 887 763 respondens
916 714 970 749 ad
998 715 1104 757 illos,
1138 713 1254 748 dixit.-

371 767 490 805 Cuius
523 773 676 803 vestrum
710 767 840 800 asinus
871 771 935 800 aut
964 765 1028 799 bos
1051 766 1088 799 in
1111 770 1256 812 puteum

375 818 496 861 cadet,
529 825 559 852 et
584 831 657 852 non
673 817 850 851 'continuo
876 814 1043 850 attrahet
1069 815 1176 849 illum
1201 813 1257 848 die

377 868 562 904 sabbati?
589 869 642 903 Et
662 880 734 902 non
751 871 919 914 poterant
936 864 990 900 ad
1003 864 1092 899 haec
1110 877 1258 913 respon-

378 918 458 954 dere
476 919 549 955 illi.

318 977 484 1013 >Dicebat
505 982 624 1010 aulem
641 980 671 1009 el
688 973 742 1008 ud
755 974 931 1008 invitatos
947 971 1182 1021 parabolam,
1200 972 1258 1006 in-

379 1028 547 1067 tendens,
575 1023 754 1073 quomodo
776 1025 915 1070 primos
939 1023 1127 1058 accubilus
1150 1022 1259 1068 elige-

378 1083 475 1117 rent,
512 1075 632 1110 dicens
651 1074 704 1108 ad
720 1074 823 1108 illos:
857 1070 950 1108 Cum
978 1074 1155 1107 imitatus
1170 1073 1260 1121 sue-

378 1129 429 1162 ris
447 1127 494 1161 ab
519 1126 648 1173 aliquo
672 1124 726 1158 ad
748 1125 917 1170 nuptias,
951 1137 1024 1158 non
1050 1122 1260 1158 discumbas

377 1179 415 1211 in
439 1178 559 1223 primo
586 1175 682 1215 loco,
724 1187 767 1208 ne
781 1174 884 1222 sorte
908 1173 1127 1209 honoratior
1154 1179 1184 1207 le
1212 1173 1260 1207 sil

378 1228 557 1262 inritatus
584 1225 633 1260 ab
659 1224 746 1266 illo,
781 1230 810 1257 el
835 1226 977 1259 veniens
1002 1225 1052 1266 is,
1085 1224 1150 1271 qui
1174 1229 1205 1257 te
1231 1228 1260 1257 el

377 1277 486 1312 illum
507 1276 662 1315 vocavit,
690 1275 788 1310 dicat
810 1276 896 1310 tibi:
930 1275 998 1309 Da
1023 1272 1108 1308 huic
1133 1273 1261 1313 locum,

379 1333 410 1362 et
428 1333 511 1362 lunc
529 1325 688 1374 incipias
707 1338 784 1359 cum
803 1325 931 1360 rubore
947 1324 1185 1360 novissimum
1208 1323 1263 1357 Io-

381 1391 458 1412 cum
476 1376 620 1411 habere.
666 1375 741 1410 Sed
755 1388 832 1409 cum
849 1381 994 1410 vocatus
1003 1374 1147 1423 fucris,
1164 1372 1264 1415 rade,

379 1427 538 1462 recumbe.
557 1427 594 1460 in
619 1426 816 1460 novissimo
841 1425 936 1467 loco,
970 1430 1008 1460 ut
1031 1437 1108 1459 cum
1133 1424 1263 1459 venerit

379 1479 446 1526 qui
459 1483 489 1511 te
508 1478 676 1511 imitavit
697 1475 796 1510 dicat
821 1476 905 1510 tibi:
940 1475 1078 1515 Amice,
1114 1472 1264 1509 ascende

378 1528 554 1574 superius.
584 1525 690 1561 Tunc
705 1526 770 1560 eril
789 1526 860 1560 tibi
870 1525 996 1572 gloria
1012 1538 1134 1561 coram
1151 1523 1267 1559 simul

381 1576 701 1612 discumbentibus.
753 1575 854 1623 Quia
872 1577 996 1610 οιηηία
1020 1576 1086 1624 qui
1106 1575 1263 1623 seipsum

381 1627 544 1669 exallul,
570 1625 852 1666 humiliabitur,
880 1627 992 1674 etqui
1009 1627 1167 1674 seipsum
1193 1623 1264 1658 Ιιιι-

381 1691 415 1711 m
420 1677 505 1712 ilia!
515 1706 524 1719 ,
552 1689 620 1711 exa
627 1676 679 1710 lla
685 1676 704 1710 b
710 1677 735 1710 i!
740 1690 760 1709 11
766 1689 794 1712 r.

332 1734 426 1772 Tres·
445 1744 526 1772 sunt
542 1737 720 1781 praecipui
737 1736 816 1772 loci.

434 1795 462 1832 I.
490 1796 546 1829 Dc
563 1794 735 1834 Sabbato,
762 1805 850 1838 quae
875 1793 920 1827 sit
944 1794 1085 1837 propria
1109 1800 1143 1828 et
1165 1793 1266 1837 prin-

489 1845 611 1889 cipalis
629 1844 797 1878 sententia
816 1844 1000 1887 praecepti.

436 1894 484 1929 ΙΙ.
513 1896 613 1937 Quae
630 1894 699 1927 sint
716 1895 854 1937 propria
872 1893 1017 1927 Sabbati
1035 1904 1152 1937 opera.

434 1944 500 1980 ΙΙΙ.
536 1943 588 1978 De
612 1943 831 1984 humilitate,
867 1943 909 1976 dc
934 1944 1135 1984 vocatione,
1169 1944 1268 1977 etde

486 1995 689 2029 ambitione.

678 2077 877 2107 Dent-imo.

385 2129 433 2165 Ut
450 2129 603 2175 primum
621 2135 841 2172 praeci-ptum
860 2128 1016 2172 loquitur
1031 2129 1074 2161 ‹lc
1091 2128 1269 2171 agnitione

286 2181 370 2222 Dei,
403 2188 435 2214 et
459 2180 616 2215 motibus
640 2179 754 2213 cordis
779 2190 856 2221 erga
885 2177 1007 2212 Deum.
1063 2178 1267 2213 Secundum

287 2235 330 2266 ‹le
359 2231 576 2266 consessione
607 2229 697 2272 oris,
732 2236 765 2263 ct
792 2229 1050 2273 praedicatione
1076 2230 1268 2265 ‹lot-trinae.

287 2283 338 2316 lta
363 2282 502 2315 tortium
529 2280 685 2325 loquitur
705 2280 747 2312 (lc
771 2279 921 2324 publicis
944 2280 1150 2312 cort-moniis
1178 2281 1268 2313 ‹livi-

287 2334 382 2366 nitus
401 2331 585 2371 institutis,
614 2328 679 2363 lioc
696 2337 762 2369 est,
788 2331 831 2363 (le
851 2337 921 2364 toto
944 2330 1085 2374 publico
1109 2330 1268 2364 ministe-
1319 2329 1363 2363 sit
1394 2329 1590 2363 ohsvrvatio
1615 2328 1771 2363 Saliliati.

407 2381 495 2415 Nam
513 2381 585 2414 ‹lic-s
601 2388 690 2413 corta
707 2380 895 2413 constituta
913 2387 959 2413 est
978 2382 1018 2412 :ul
1038 2378 1130 2413 ltuuc
1155 2382 1269 2420 sturm,

288 2442 325 2467 ut
351 2433 418 2467 sint
448 2431 579 2477 publici
607 2443 827 2473 congressus.
866 2431 900 2463 iu
927 2431 1055 2476 quilius
1078 2432 1269 2464 ‹loct-antur
1293 2416 1296 2498 ἶ

289 2491 405 2517 coetus
448 2482 707 2527 praedicatione
750 2481 931 2523 lix-angelii
974 2488 1007 2515 et
1051 2483 1268 2516 ceremoniis.
1294 2508 1296 2546 γ

291 2535 486 2578 Γιτιιηηῖιυ·
501 2533 593 2565 onim
622 2532 888 2572 intelligendum
916 2539 979 2569 cst,
1012 2532 1091 2577 quia
1115 2545 1268 2563 «cri-ruo-

288 2585 366 2617 nias·
387 2585 461 2617 sine
486 2583 644 2617 doctrina
671 2584 964 2615 transformantur
993 2583 1026 2615 in
1051 2584 1268 2627 superstitio-

290 2647 381 2669 ηοω,
435 2635 552 2676 Quart·
571 2647 648 2666 cuin
674 2633 877 2666 nominatur
895 2634 1107 2670 Sabbatum„
1137 2633 1267 2667 inti-lli-

288 2384 354 2417 rio.

1280 709 1283 716 ·
1306 697 1390 735 gant
1411 691 1624 731 doctrinam,
1650 697 1709 724 aut
1732 701 1806 724 non
1831 695 1922 722 recte
1946 689 2104 725 doceant.

1299 436 1377 456 non
1395 423 1511 457 ocium
1530 424 1605 456 eius
1630 423 1722 462 diei,
1758 423 1819 456 sed
1843 430 1883 457 ut
1904 429 2016 457 textus
2038 421 2174 466 inquit,
2208 432 2291 456 san·-

1305 474 1486 515 ctificatio,
1514 474 1550 506 id
1577 480 1644 514 est,
1669 473 1857 507 collocatio
1882 473 1920 506 in
1942 484 2048 518 opera
2072 479 2212 513 sancta,
2237 472 2292 506 vi-

1306 524 1430 558 delicet
1447 525 1484 557 in
1503 524 1738 558 ministerium
1761 523 1935 558 divinum.

1408 589 1554 623 Violant
1572 590 1679 632 igitur
1695 587 1765 623 hoc
1783 588 1923 622 tertium
1949 594 2191 633 praeceptum,
2216 588 2292 632 pri-

1305 652 1401 674 mum
1415 638 1452 673 hi
1468 641 1529 685 qui
1547 647 1731 683 praesunt,
1760 639 1791 672 si
1806 649 1879 672 non
1905 639 2071 679 doceant,
2095 645 2155 672 aut
2178 639 2291 682 negli-

2155 687 2297 722 Deinde

1307 742 1368 786 qui
1387 741 1570 784 negligunt
1588 748 1648 775 aut
1665 743 1860 785 depravant
1884 728 2105 772 ceremonias
2122 739 2296 773 divinitus

1309 791 1503 833 institutas,
1530 797 1568 824 ut
1592 792 1654 837 qui
1672 791 1802 825 Missas
1824 790 1964 833 legunt,
1992 795 2034 824 ut
2057 788 2206 823 offerant
2229 800 2294 833 pro

1309 842 1405 883 aliis,
1440 847 1500 875 aut
1516 849 1679 886 quaestus
1695 853 1815 883 causa,
1849 847 1910 874 aut
1934 839 1996 885 qui
2018 839 2104 873 alias
2125 839 2295 884 supersti-

1309 893 1423 927 tiones
1453 898 1625 928 exercent.
1683 892 1806 926 Peccat
1840 891 1923 925 item
1947 890 2118 934 populus,
2153 890 2215 935 qui
2239 889 2322 936 vel·

1309 954 1493 988 nunquam
1509 943 1626 983 audit,
1643 943 1696 976 vel
1712 955 1791 976 raro
1808 942 1908 975 audit
1922 940 1997 985 pias
2013 941 2217 981 conciones,
2235 946 2296 974 aut

1310 1004 1515 1038 nunquam,
1549 1000 1609 1027 aut
1628 1005 1707 1026 raro
1734 993 1878 1027 interest
1902 991 2053 1036 publicis
2075 990 2297 1026 ceremoniis.

1311 1042 1389 1078 Etsi
1413 1045 1506 1076 enim
1532 1044 1570 1076 in
1596 1055 1690 1077 novo
1707 1043 1933 1077 Testamento
1955 1043 2030 1075 dies
2045 1048 2137 1075 certa
2155 1053 2228 1075 non
2245 1047 2298 1076 est

1311 1100 1514 1138 praecepta,
1547 1100 1587 1128 ut
1605 1094 1642 1126 in
1657 1094 1731 1136 lege
1748 1093 1888 1133 divina,
1919 1099 2038 1126 tamen
2062 1092 2123 1137 qui
2147 1103 2187 1124 ex
2211 1102 2298 1124 con-

1312 1150 1424 1179 temtu
1439 1144 1554 1187 abest,
1587 1151 1648 1178 aut
1670 1156 1732 1178 suo
1757 1143 1914 1188 exemplo
1937 1142 2122 1176 confirmat
2143 1141 2298 1175 aliorum

1312 1195 1579 1237 negligentiam,
1608 1195 1636 1228 is
1651 1195 1802 1239 graviter
1821 1199 1952 1238 peccat.
2004 1191 2104 1226 Sicut
2123 1202 2298 1224 memora-

1312 1245 1384 1278 bile
1407 1245 1604 1289 cxemplum
1630 1251 1722 1279 extat
1748 1244 1914 1278 Ieremiae
1942 1242 2000 1277 17.
2031 1242 2093 1276 ubi
2118 1239 2298 1289 Propheta

1314 1295 1477 1337 obiurgat
1493 1306 1571 1333 eos,
1599 1296 1660 1339 qui
1676 1296 1713 1328 in
1730 1295 1883 1330 Sabbato
1901 1306 1963 1338 per
1978 1299 2096 1337 portas
2122 1288 2298 1326 convehe-

1314 1345 1400 1378 bant
1417 1356 1568 1385 merces,
1593 1346 1628 1378 id
1654 1351 1723 1386 est,
1751 1345 2028 1388 negociabantur
2051 1343 2206 1386 neglecto
2228 1341 2298 1375 mi-

1315 1394 1479 1435 nisterio,
1494 1401 1527 1428 et
1544 1396 1688 1430 additur
1703 1395 1940 1434 comminatio,
1954 1393 2161 1428 succendam
2179 1393 2298 1436 ignem

1315 1445 1353 1478 in
1389 1445 1499 1488 portis
1531 1452 1593 1479 etc.
1653 1444 1699 1480 Et
1722 1457 1843 1479 rursus
1864 1446 2007 1479 additur
2031 1443 2236 1489 promissio,
2271 1442 2301 1476 si

1315 1496 1576 1529 sanctificabitis
1600 1495 1813 1536 Sabbatum,
1853 1495 2038 1529 intrabunt
2069 1506 2131 1538 per
2162 1500 2303 1538 portam

1317 1557 1411 1588 reges
1432 1553 1465 1579 et
1484 1547 1678 1591 principes,
1707 1547 1742 1579 id
1768 1554 1837 1586 est,
1864 1543 2042 1579 hahebitis
2064 1555 2210 1587 regnum
2234 1544 2300 1577 sso—

1316 1606 1396 1628 rens
1412 1603 1474 1630 etc.
1530 1596 1623 1639 Quia
1641 1596 1736 1630 Deus
1757 1597 1832 1630 vult
1848 1596 2004 1639 singulos
2028 1594 2196 1629 adiuvare
2216 1605 2302 1628 con—

1316 1647 1547 1679 servationem
1565 1647 1763 1680 ministerii.
1816 1646 1938 1680 Peccat
1956 1646 2037 1679 item
2054 1645 2224 1689 populuS,
2239 1644 2303 1690 qui

1317 1707 1377 1728 sua
1397 1698 1591 1739 praesentia
1612 1698 1793 1730 confirmat
1818 1697 1944 1740 impios
1971 1696 2098 1731 cultus.
2149 1694 2303 1730 Peccant

1318 1752 1351 1779 et
1367 1746 1439 1785 illi,
1467 1749 1526 1792 qui
1545 1748 1742 1792 impediunt
1760 1747 1993 1780 ministerium
2012 1746 2211 1791 publicum,
2238 1743 2301 1790 qui

1318 1796 1490 1840 stipendia
1513 1799 1629 1832 debita
1652 1798 1824 1831 ministris
1846 1804 1904 1831 aut
1928 1797 2098 1841 eripiunt,
2138 1803 2197 1831 aut
2220 1807 2306 1829 con-

1318 1847 1408 1881 serrc
1443 1850 1580 1883 nolunt.
1639 1848 1786 1882 Peccaut
1820 1848 1921 1888 item,
1956 1849 2016 1893 qui
2040 1847 2194 1890 neglecta
2220 1858 2303 1881 cura

1320 1899 1542 1932 nit-(litandae
1566 1900 1745 1933 doctrinae
1770 1898 1971 1940 Evangelii.
2007 1899 2192 1932 consi-runt
2212 1897 2303 1931 Sab-

1320 1950 1398 1981 bata
1425 1949 1460 1981 iu
1487 1951 1733 1993 occupationes
1757 1947 1976 1993 prophanas,
2008 1956 2066 1983 aut
2088 1948 2208 1987 ludos,
2241 1954 2300 1981 aut

1320 1999 1404 2038 alia,
1441 2012 1529 2043 quae
1563 2001 1741 2033 alnlucunt
1770 1999 1907 2032 animos
1938 2011 1955 2032 a
1981 1999 2036 2042 pia
2061 1999 2300 2032 meditatione.

1321 2048 1392 2082 lain
1411 2050 1536 2091 cogitet
1557 2050 1704 2095 quisque
1721 2062 1826 2093 quam
1846 2049 1913 2082 late
1930 2055 2044 2094 pateat
2060 2049 2204 2082 violatio
2213 2047 2302 2083 Sab-

1321 2100 1413 2141 liati,
1447 2113 1508 2132 ιιι-ι·
1533 2107 1694 2142 putemus
1718 2101 1792 2133 lex-e
1814 2107 1992 2145 peccatum
2019 2111 2110 2141 esse,
2142 2104 2302 2133 contem-

1320 2158 1393 2184 tum
1414 2151 1545 2195 publici
1559 2151 1758 2186 ministerii.

1682 2225 1730 2249 De
1759 2225 1937 2250 secundo.

1422 2277 1578 2311 Historia
1604 2278 1646 2311 dc
1667 2284 1788 2311 curato
1812 2274 2007 2322 hydropico
2034 2277 2186 2312 ostendit
2213 2278 2299 2323 quid

1831 2327 1911 2361 Non
1935 2328 2028 2360 enim
2055 2327 2222 2372 praecipit
2246 2328 2301 2363 lex

1294 2402 1295 2411 1
1319 2380 1525 2423 simpli-iter
1555 2381 1596 2412 ‹lc
1626 2379 1703 2413 ocio
1727 2378 1889 2417 Saliliati,
1922 2379 1980 2411 srtl
2010 2375 2173 2421 prohibet
2195 2390 2301 2423 opera

1322 2431 1546 2474 impedit-ntia
1589 2428 1821 2463 ministerium
1864 2428 2056 2472 publicum.
2114 2428 2300 2464 Caeterum

1321 2481 1486 2524 prat-cipit
1502 2479 1831 2519 sanctificationem,
1860 2479 1893 2511 id
1914 2486 1981 2518 est.
2008 2486 2100 2513 terta
2117 2490 2222 2523 open
2245 2479 2301 2513 di-

1321 2531 1393 2564 vini
1423 2531 1620 2564 ministerii.
1682 2530 1799 2572 Quare
1824 2527 1907 2563 haec
1931 2529 2021 2563 actio
2047 2527 2199 2565 Christi.
2234 2529 2298 2564 suit

1322 2594 1401 2615 vere
1419 2580 1769 2615 oliscrvatioSnlibati
1788 2588 1817 2613 ct
1832 2579 2069 2615 sanctificatio.
2096 2579 2183 2613 Nam
2194 2578 2299 2614 Chri-

1321 2640 1391 2665 stus
1411 2630 1467 2665 hic
1486 2632 1714 2666 concionatur
1728 2657 1736 2672 ‚
1764 2639 1795 2667 ct
1813 2631 1910 2665 addit
1927 2642 2032 2675 opus,
2057 2630 2152 2676 quod
2177 2638 2226 2666 est
2249 2637 2300 2666 te-
