2409 2915
232 85 308 122 783

237 181 328 204 rum.
381 165 474 199 Illud
500 170 616 197 tamen
642 158 888 205 unusquisque
906 158 989 192 sciat
1006 165 1040 192 et
1057 158 1231 192 memine-

238 220 302 260 rit,
336 221 497 261 oportere
521 225 557 246 se
582 210 752 256 paulatim
777 209 946 263 proficere
969 209 1037 250 sic,
1061 215 1101 243 ut
1124 209 1232 243 timor

239 269 328 306 Dei,
364 267 468 306 fides,
496 262 696 303 humilitas,
724 260 884 302 castium,
913 266 1136 306 caeteraeque
1160 260 1233 292 vir-

241 327 332 355 tutes
354 316 429 351 Deo
461 316 636 361 placentes
662 313 701 346 in
732 312 849 346 anima
874 323 935 346 sua
960 317 1134 352 crescant,
1169 322 1233 344 au-

243 375 392 415 geantur
412 374 444 401 et
467 365 732 400 confirmentur.
786 361 862 396 lmo
878 369 971 396 certo
989 362 1093 403 scias,
1121 373 1233 406 quan-

242 420 373 455 tumvis
401 417 567 461 languida
595 421 676 449 sunt
698 413 801 447 initia
827 413 1085 453 conversionis,
1118 411 1232 446 Deum

244 473 360 516 ipsum
385 467 514 516 (modo
539 467 678 500 luceant
703 464 843 512 aliquae
865 463 1077 498 scintillulae
1098 463 1179 496 fidei
1197 462 1234 495 in

244 530 306 556 tuo
324 517 447 566 corde)
464 518 554 552 velle
571 516 636 551 tibi
651 517 788 555 adesse,
815 521 849 548 te
865 515 1014 549 feliciter
1031 511 1236 559 provehere,

245 571 447 607 salutariter
482 569 697 613 gubernare,
740 565 805 599 tibi
835 565 1020 599 efficaciter
1051 564 1234 609 opitulari:

245 631 284 658 ut
306 633 434 667 gnome
448 619 568 658 Pauli,
597 630 702 663 quam
724 628 765 650 ex
780 618 816 652 2.
838 617 948 661 capite
967 617 1009 650 ad
1029 613 1237 659 Philippen-

246 686 300 709 ses
322 679 423 707 antea
447 670 656 706 citavimus,
691 679 849 712 expresse
871 668 1039 707 affirmat,
1065 665 1160 699 Deus
1183 666 1237 698 fa-

247 726 293 760 cit
317 730 357 758 ut
380 722 495 757 velitis
514 726 548 754 et
563 718 768 764 perficiatis,
790 725 855 754 etc.
907 717 1147 760 Quamobrem
1167 716 1237 750 tale

247 787 325 816 cor,
353 774 446 819 qnod
473 769 579 804 babet
603 769 704 803 initia
723 768 963 817 spiritualium
983 767 1239 807 exercitiorum,

248 825 430 860 verissime
462 822 670 861 fundatum,
710 826 924 854 exstructum
955 825 988 851 et
1017 817 1238 852 aedificatum

249 884 299 911 est
328 886 432 920 supra
467 871 703 906 firmissimam
739 882 862 914 rupem
892 881 952 903 seu
977 876 1109 913 petram
1132 867 1240 902 Chri-

249 935 358 962 stum:
399 925 429 958 is
454 922 656 968 suppeditat
679 923 710 954 ei
734 921 910 964 vigorem,
942 921 1053 953 robur
1078 926 1111 953 et
1139 919 1240 960 vires,

250 986 290 1012 ut
307 984 340 1011 et
357 977 525 1011 adversus
544 974 694 1016 impetus
711 972 932 1015 insultusque
949 971 1144 1005 furentium
1154 969 1240 1004 Dia—

251 1029 438 1065 bolorum,
465 1032 499 1058 et
523 1030 646 1057 contra
672 1021 958 1056 insidiosissimas
973 1021 1088 1055 omnis
1104 1021 1242 1064 generis

251 1078 462 1114 tentationes
483 1074 631 1108 firmiter
647 1074 834 1107 subsistere
852 1073 980 1116 possit,
1006 1084 1070 1105 nec
1087 1083 1122 1104 se
1138 1071 1242 1105 deiici

251 1132 295 1163 de
311 1129 419 1174 gradu
436 1129 492 1169 (ut
507 1126 624 1165 aiunt)
643 1124 888 1168 dimoverique
905 1124 982 1156 loco
998 1123 1163 1171 patiatur.

356 1178 405 1214 Ut
432 1183 548 1211 autem
573 1173 879 1220 apprehendamus
903 1172 993 1207 banc
1018 1180 1171 1218 petram,
1205 1172 1242 1206 in

253 1242 363 1278 eaque
387 1227 617 1263 consistentes
638 1236 908 1270 permaneamus
930 1225 1089 1265 immoti,
1117 1225 1154 1258 id
1178 1221 1244 1257 hac

252 1280 501 1318 tantummodo
525 1278 662 1311 ratione
680 1288 954 1323 consequemur:
984 1277 1011 1309 si
1031 1288 1092 1309 cor
1109 1275 1147 1308 in
1163 1287 1243 1308 vera

255 1331 496 1379 poenitentia,
529 1329 597 1362 fide
621 1327 816 1362 Dominum
842 1326 956 1360 lesum
979 1324 1160 1360 Christum
1183 1337 1244 1369 ap-

256 1382 471 1430 prehendet,
505 1379 725 1424 assiduisque
750 1378 938 1421 gemitibus
963 1384 1077 1421 petet,
1110 1383 1148 1409 ut
1172 1377 1245 1420 ipse

255 1435 340 1468 velit
362 1431 529 1477 opitulari
555 1437 694 1462 nostrae
720 1428 972 1466 imbecillitati,
1001 1427 1085 1461 velit
1107 1438 1171 1460 nos
1191 1438 1245 1459 re-

257 1497 336 1531 gere
369 1495 430 1517 sua
460 1481 554 1520 luce,
587 1481 659 1514 suis
691 1479 869 1517 consiliis,
903 1491 966 1511 nec
994 1478 1086 1511 sinat
1113 1484 1246 1510 mentes

257 1544 394 1571 nostras
411 1544 512 1566 ruere
528 1533 564 1564 in
583 1542 737 1570 errores,
765 1530 913 1570 scelera,
942 1529 1126 1566 scandala,
1154 1529 1248 1560 blas-

258 1586 415 1632 phemias
427 1610 434 1623 ,
463 1589 526 1615 etc.
579 1580 713 1626 Estque
731 1581 768 1612 in
784 1578 851 1613 ltoc
867 1579 942 1623 ipso
960 1586 1074 1618 textu,
1101 1586 1248 1623 utraque

259 1633 552 1672 commonefactio
588 1628 859 1675 comprehensa:
897 1631 1003 1663 altera
1036 1630 1079 1662 de
1114 1628 1247 1671 ingenti

261 1687 435 1734 periculo,
462 1691 494 1717 et
521 1683 723 1716 infirmitate
744 1680 946 1715 bominum:
976 1681 1083 1714 altera
1103 1681 1146 1713 de
1164 1691 1248 1713 con-

260 1738 452 1774 solatione,
488 1746 576 1779 quae
601 1733 834 1767 imbecillitati
861 1739 1019 1770 nostrae,
1054 1737 1085 1764 et
1113 1730 1249 1773 magni—

260 1789 375 1825 tudini
401 1786 640 1832 periculorum
666 1784 814 1827 opponit
840 1784 1076 1816 firmissimam
1103 1788 1250 1826 petram,

260 1850 291 1875 et
309 1839 558 1885 opitulatorem
577 1836 856 1880 omnipotentem
874 1834 1070 1867 Dominum
1090 1839 1249 1866 nostrum

263 1894 374 1926 lesum
389 1887 582 1922 Christum.

825 72 951 107 PHIL.
978 71 1095 107 MEL.
1122 71 1330 108 SCRIPTA
1357 70 1656 108 EXEGETlCA.

1255 160 1258 182 1

1256 186 1259 239 l

366 1940 417 1973 De
440 1938 604 1981 periculis
629 1943 661 1970 et
679 1933 845 1969 horribili
863 1935 1049 1969 tvrannide
1069 1934 1250 1966 insidiato·
1276 1936 1278 1964 Ι

263 1994 311 2028 ris
335 1990 477 2024 Diaboli
506 1989 636 2021 dicitur
665 1988 695 2019 1.
719 1986 812 2019 Petri
838 1975 980 2020 utiirno:
1018 1984 1252 2019 Adversarius

264 2050 377 2077 restet
405 2040 579 2074 Diabolus
618 2047 783 2082 tauquam
815 2038 867 2069 leo
904 2036 1045 2079 rugiens
1077 2035 1252 2074 circumit,

265 2103 438 2140 ‹ptaerens
453 2103 555 2136 quem
575 2091 729 2123 dex-orni.
784 2089 899 2129 Quam
916 2089 1046 2120 multos
1063 2084 1252 2119 enimDia-

265 2146 368 2179 bolus
399 2143 577 2185 implicat,
617 2148 720 2184 atque
755 2140 897 2172 fascinat
932 2138 1111 2171 furoribus
1145 2144 1253 2170 secta—

266 2208 364 2234 rum,
391 2205 429 2227 ac
454 2192 665 2235 opinionum
690 2190 896 2234 impiarum!
954 2191 1132 2231 Quantam
1153 2200 1253 2232 prae-

266 2257 358 2281 terea
384 2244 648 2277 multitudinem
675 2239 859 2274 bominum
887 2241 1012 2284 passini
1038 2240 1186 2284 impellit
1211 2239 1252 2271 ad

267 2299 333 2332 alia
365 2296 561 2330 tristissima
593 2293 737 2331 scelera,
769 2292 958 2330 adulteria,
993 2292 1103 2329 furta,
1137 2288 1254 2323 botni-

268 2349 377 2387 cidia,
407 2347 487 2381 ein!
527 2345 648 2386 thd'?
677 2345 769 2388 quod
800 2349 939 2376 ruentes
963 2343 998 2375 in
1024 2340 1107 2374 baec
1125 2342 1254 2383 flagitia

269 2408 451 2443 tantasque
486 2396 744 2438 turpitudiues,
780 2395 986 2439 plerumque
1019 2394 1158 2425 tandem
1191 2406 1254 2435 op-

269 2452 473 2496 primuntur
504 2447 771 2490 desperatione?
836 2444 909 2478 lloc
945 2445 1050 2487 igitur
1085 2452 1131 2477 cst
1167 2444 1253 2476 illud

269 2501 504 2534 miserrimum
534 2510 643 2538 genus
667 2495 868 2533 bominum,
904 2497 946 2528 de
971 2509 1040 2540 quo
1067 2495 1255 2526 concion..-

269 2563 324 2586 tur
341 2550 502 2585 Christus
529 2551 563 2581 in
593 2547 654 2581 linc
681 2548 864 2592 parabol.=.
891 2548 1035 2590 quaudo
1059 2546 1162 2582 dicit,
1190 2544 1253 2589 tu>-

269 2603 416 2648 pocritas
450 2601 581 2634 similes
610 2612 681 2632 csse
714 2599 817 2631 fatuis
843 2598 1106 2631 aedificantibus
1132 2598 1255 2627 domos

269 2666 370 2699 super
393 2665 544 2685 arenam.
591 2650 690 2683 lactis
708 2651 800 2683 enirn
820 2648 1022 2683 lutiusmodi
1045 2649 1253 2682 fundamen-

1276 1974 1279 2031 1

1277 2071 1279 2087 t

1278 2124 1280 2142 l

1279 2220 1281 2262 !

1279 2283 1282 2307 l

2190 73 2266 111 784

1283 157 1344 198 tis,
1369 169 1474 202 quam
1492 158 1594 192 facile
1612 157 1686 191 fieri
1705 158 1851 202 poterit,
1877 156 1916 192 ut
1935 159 2065 193 coortis
2080 165 2268 204 tempesta—

1283 208 1398 249 tibus,
1432 215 1466 242 et
1489 209 1621 253 pluviis
1645 209 1870 253 impetuosis,
1907 220 2012 242 arena
2036 210 2267 255 propellatur,

1285 266 1317 292 et
1341 258 1548 293 disturbatis
1568 257 1636 292 hoc
1664 261 1770 294 modo
1793 259 2041 305 convulsisque
2059 261 2270 295 fundamen-

1285 309 1348 349 tis,
1389 309 1594 343 universum
1629 311 1827 345 aedificium
1862 311 2027 345 corruat?
2087 310 2271 355 Quemad·

1285 360 1432 393 modum
1456 360 1616 394 videmus
1639 360 1707 395 hoc
1729 368 1886 406 tempore
1912 361 2043 396 multos
2066 374 2084 397 a
2108 361 2185 396 Deo
2208 363 2272 396 de-

1287 411 1408 452 ficere,
1443 411 1540 444 velut
1572 422 1727 453 eversos,
1762 413 1818 445 vel
1852 412 2066 446 irruentium
2100 424 2272 458 aquarum

1287 462 1387 505 copia
1410 468 1443 495 et
1465 462 1617 506 impetu,
1646 463 1701 495 vel
1726 463 1891 498 violentis
1917 463 2060 497 flatibus
2078 470 2182 509 atque
2196 470 2273 498 tur-

1287 513 1432 546 binibus
1461 519 1665 546 ventorum:
1700 512 1772 547 imo
1800 514 1948 558 singulis
1971 514 2143 548 aetatibus
2165 511 2274 559 (proh

1288 561 1409 608 dolor)
1435 564 1532 597 varia
1554 563 1792 597 defectionum
1815 571 1848 598 et
1871 565 2066 609 insignium
2090 565 2274 600 levitatum

1289 613 1556 658 conspiciuntur
1573 614 1740 658 exempla.

1390 671 1487 706 Haec
1510 670 1687 706 horrenda
1713 673 1889 717 pericula,
1916 681 1951 709 et
1974 675 2152 718 ingentem
2176 674 2277 708 infir-

1290 724 1447 758 mitatem
1477 730 1633 757 nostram
1663 724 1944 766 considerantes,
1977 726 2128 759 sciamus
2155 725 2276 759 aedifi-

1291 775 1443 809 candum
1464 774 1568 808 nobis
1582 785 1655 808 esse
1671 786 1777 819 super
1793 775 1979 810 immotum
1995 775 2279 816 fundamentum,

1292 838 1331 860 ac
1354 825 1589 858 firmissimam
1613 832 1746 869 petram
1768 826 1880 859 filium
1904 826 1972 860 Dei
1994 825 2190 861 Dominum
2212 837 2280 860 no-

1292 883 1404 911 strum
1422 875 1537 910 lesum
1555 873 1748 910 Christum.
1788 875 1882 910 Huic
1904 885 2039 922 petrae,
2066 889 2127 911 seu
2150 878 2279 911 sunda-

1292 933 1412 961 mento
1425 926 1454 959 si
1471 926 1550 971 quis
1563 926 1600 959 in
1615 927 1787 961 exercitiis
1800 940 1902 962 verae
1916 928 2171 973 poenitentiae,
2197 939 2280 962 vera

1293 979 1360 1012 fide
1382 989 1421 1011 ac
1444 977 1668 1011 invocatione
1685 979 1822 1013 ardenti
1840 979 1969 1013 insistit
1984 986 2089 1025 atque
2103 979 2282 1019 innititur,

1294 1041 1372 1063 eum
1387 1040 1610 1074 nequaquam
1627 1027 1800 1063 Diabolus
1814 1037 1984 1069 evertere,
2011 1030 2282 1074 praecipitemve

1297 1079 1447 1113 deiicere
1480 1079 1629 1123 poterit,
1666 1081 1893 1124 quantumvis
1920 1081 2080 1126 undique
2107 1077 2284 1115 hostiliter

1296 1131 1426 1170 irruat,
1453 1137 1487 1164 et
1512 1130 1668 1164 excitatis
1693 1130 1897 1174 ingentibus
1917 1132 2080 1177 procellis
2096 1137 2283 1165 concutere

1296 1193 1357 1214 seu
1380 1180 1590 1214 labefactare
1615 1187 1749 1224 petram
1767 1182 1895 1216 frustra
1914 1189 2077 1217 conetur:
2106 1184 2195 1216 sicut
2210 1180 2284 1216 Da-

1296 1232 1430 1272 videm,
1457 1231 1626 1264 acerrime
1641 1231 1801 1276 quidem,
1828 1233 1885 1266 sed
1903 1233 2030 1267 frustra
2045 1232 2274 1277 oppugnavit.

1401 1298 1452 1332 Ac
1476 1305 1513 1332 ut
1537 1305 1608 1333 tota
1635 1311 1689 1332 res
1711 1299 1768 1332 fiat
1787 1299 1978 1341 illustrior,
2005 1300 2192 1345 proponite
2209 1299 2286 1333 ani-

1299 1350 1365 1382 mis
1380 1349 1577 1392 exemplum
1594 1350 1797 1394 utriusque,
1827 1351 2006 1389 videlicet,
2034 1350 2151 1385 Saulis
2166 1357 2199 1384 et
2214 1349 2286 1384 Da-

1300 1400 1405 1433 vidis:
1442 1411 1481 1432 ex
1507 1411 1575 1444 qua
1598 1397 1786 1441 antithesi,
1814 1411 1874 1434 seu
1897 1402 2159 1445 comparatione
2183 1400 2287 1434 dissi-

1299 1451 1437 1483 milium
1468 1450 1728 1494 exemplorum,
1762 1463 1863 1495 spero
1896 1451 2076 1492 futurum,
2109 1459 2149 1485 ut
2176 1452 2287 1485 inter-

1300 1501 1448 1546 pretatio
1471 1507 1586 1534 textus
1613 1498 1717 1534 huius
1739 1503 1851 1535 multo
1877 1502 2015 1535 facilior
2035 1503 2217 1537 intellectu
2233 1502 2288 1543 sit,

1300 1559 1333 1586 et
1350 1551 1460 1595 magis
1477 1551 1670 1595 perspicua.

1405 1610 1489 1645 Saul
1520 1622 1580 1643 rex
1613 1611 1770 1655 sapiens,
1802 1618 1834 1645 et
1859 1612 1895 1644 in
1918 1612 2173 1655 gubernatione
2195 1611 2290 1646 diffi-

1302 1662 1380 1701 cili,
1414 1662 1503 1694 beue
1527 1661 1673 1695 meritus
1697 1663 1739 1694 de
1765 1662 1898 1706 patria,
1927 1663 2031 1706 gestis
2059 1663 2161 1696 initio
2185 1663 2291 1697 rebus
2314 1669 2319 1675 ”

1303 1712 1438 1755 magnis
1460 1719 1492 1745 et
1519 1713 1685 1750 utilibus,
1713 1713 1888 1755 cogitabat
1911 1714 1954 1747 de
1974 1714 2216 1747 transferendo
2236 1725 2292 1747 re—

1303 1775 1371 1807 gno
1394 1764 1437 1796 ad
1462 1774 1544 1795 suos
1570 1771 1726 1806 posteros
1749 1763 1822 1795 iure
1846 1764 2074 1797 successionis
2093 1761 2292 1799 baeredita-

1304 1816 1390 1847 riae:
1417 1814 1590 1856 cogitabat
1606 1815 1649 1846 de
1663 1813 1907 1847 constituenda
1923 1815 2036 1847 forma
2054 1815 2208 1859 politiae,
2231 1827 2291 1849 seu

1304 1864 1444 1909 imperii
1467 1876 1529 1897 suo
1555 1864 1714 1897 arbitrio.
1758 1863 1871 1902 idem,
1906 1865 2100 1899 ambitione
2123 1872 2156 1899 et
2180 1865 2292 1899 livore

1305 1923 1440 1954 motus,
1467 1915 1740 1959 persequebatur
1758 1913 1948 1954 Davidem,
1976 1923 2007 1949 et
2031 1923 2198 1961 tauquam
2219 1916 2292 1961 ipse

1305 1977 1481 1999 successus
1509 1963 1649 1999 baberet
1674 1966 1708 1998 in
1733 1966 1915 2003 manibus,
1942 1967 2102 2010 sperabat
2122 1978 2184 2000 sua
2207 1979 2293 2001 con-

1306 2017 1382 2050 silia
1403 2028 1474 2049 non
1495 2017 1681 2050 inst-liciter
1699 2028 1818 2049 casura
1831 2044 1839 2054 ,
1865 2028 1946 2050 suos
1963 2024 2111 2051 conatus
2127 2029 2200 2051 non
2218 2018 2293 2051 sore

1308 2068 1442 2105 irritos,
1469 2068 1526 2099 sed
1553 2079 1587 2099 se
1614 2068 1848 2111 perfecturum
1873 2080 1945 2100 esse
1971 2081 2010 2101 ex
2026 2069 2135 2101 animi
2153 2076 2294 2102 senten-

1307 2119 1353 2153 tia
1373 2120 1466 2163 quod
1486 2119 1672 2161 cogitarat,
1699 2119 1949 2163 concupiverat
1967 2126 2001 2153 ct
2017 2120 2258 2154 constituent.

1411 2184 1541 2218 Verum
1560 2186 1726 2218 sauctitas
1742 2186 1816 2219 cius
1832 2187 2006 2227 universa,
2034 2193 2065 2220 et
2080 2186 2196 2220 omnis
2210 2198 2295 2221 con-

1307 2238 1468 2271 siliorum
1482 2264 1490 2275 ,
1520 2237 1555 2269 in
1576 2237 1725 2280 speciem
1744 2238 1935 2280 prudenter
1952 2244 2210 2282 susceptorum,
2238 2250 2296 2272 ac-

1308 2296 1425 2323 curata
1451 2288 1637 2332 pensitatio
1662 2288 1727 2321 suit
1754 2289 1931 2322 aedificata
1956 2300 2060 2332 super
2078 2300 2221 2322 arenam
2238 2288 2295 2322 in-

1308 2340 1487 2376 stabilem,
1510 2346 1542 2372 et
1559 2339 1799 2373 fluctuantem.
1847 2338 1927 2371 ideo
1944 2340 2096 2378 tandem„
2120 2350 2259 2374 eversus
2275 2351 2293 2373 a

1309 2391 1460 2425 Diabolo
1471 2418 1479 2428 ,
1504 2391 1664 2424 funditus
1678 2390 1778 2433 periit
1791 2417 1798 2427 ,
1826 2387 1989 2423 borribili
2005 2391 2248 2434 desperatione
2261 2397 2295 2425 et

1309 2443 1458 2475 aeternis
1483 2442 1604 2484 poenis
1625 2452 1821 2484 oppressus.
1877 2440 1998 2473 Sciens
2016 2442 2110 2474 enim
2125 2441 2294 2476 ‘bvoiens

1309 2494 1524 2536 repugnabat
1554 2491 1726 2524 voluntati
1755 2491 1913 2527 diuinae.
1950 2505 1988 2524 ac
2011 2493 2152 2527 interim
2177 2499 2294 2527 tamen

1309 2544 1526 2582 considebat,
1552 2554 1587 2575 se
1604 2543 1674 2575 suis
1691 2543 1865 2579 consitiis,
1892 2541 2234 2582 inacbinationibus,
2262 2552 2295 2578 et

1309 2596 1457 2633 viribus,
1473 2594 1576 2628 etiam
1591 2593 1642 2625 iux
1654 2593 1700 2625 ito
1712 2591 1798 2630 Deo,
1814 2607 1864 2631 ea,
1878 2607 1964 2638 quae
1975 2594 2042 2628 sibi
2056 2601 2297 2638 proposuerat.

1309 2659 1398 2691 quac
1417 2645 1664 2682 meditabatur,
1694 2650 1796 2689 atque
1814 2652 2022 2689 susceperat.
2049 2645 2223 2689 expedire.
2251 2647 2294 2679 ad
