2409 2915
145 112 219 150 61³
390 110 473 148 ΧΠ.

143 209 224 231 nem
249 196 287 231 in
311 196 467 242 imperiis
489 203 522 232 et
539 197 738 231 universam
755 196 932 241 politicam
949 198 1124 241 guberna-

141 248 277 282 tionem
301 248 433 282 servire
455 247 634 281 communi
655 247 829 288 societati,
864 259 926 281 nec
947 249 1039 283 tollit
1063 256 1122 283 aut

141 299 276 340 abolet,
304 300 363 332 sed
387 299 568 332 confirmat
594 304 627 330 et
653 298 824 341 approbat
847 299 1002 332 forenses
1024 300 1121 333 ordi-

140 349 314 391 nationes,
338 348 507 392 legitimas
524 358 653 392 poenas
670 354 703 381 et
720 359 862 382 normas
877 350 1054 383 actionum
1071 351 1120 384 ci-

139 400 278 441 vilium,
303 404 530 442 congruentes
548 410 626 431 cum
644 399 798 432 naturali
815 399 945 433 iudicio
961 400 1118 436 rationis.

139 448 242 484 Hanc
256 449 450 483 doctrinam
468 449 576 482 tradit
592 447 722 482 Paulus
732 447 836 484 Rom.
852 450 910 485 13.
938 449 989 484 Ac
1006 457 1118 485 textus

138 501 184 535 ad
199 497 353 534 Ebraeos
369 498 403 532 6.
426 499 606 543 perspicue
628 499 730 533 dicit:
760 497 889 533 Omnis
914 507 1117 535 controver-

137 551 209 584 siae
223 549 301 583 finis
317 555 366 583 est
383 549 639 583 iusiurandum.
674 549 814 592 Quibus
829 551 944 584 verbis
959 563 1116 595 expresse

135 599 291 634 sancitur
321 607 356 634 et
383 600 599 644 approbatur
627 600 822 644 legitimum
856 601 1116 643 iusiurandum,

136 650 231 696 quod
248 656 297 683 est
319 650 502 684 vinculum
523 651 636 684 civilis
661 651 883 685 obedientiae
908 659 940 686 et
966 653 1114 686 iudicio—

132 711 225 736 rum.
276 698 354 734 Hoc
370 701 572 735 testimonio
591 703 633 734 de
649 702 855 735 iuramentis
877 703 1002 735 ordine
1024 704 1114 747 poIi-

130 750 202 784 tico
216 751 359 785 sancitis
374 752 528 786 contenti
553 753 677 791 simus,
704 765 742 785 ac
766 753 963 786 firmissime
985 760 1114 787 statua-

130 811 226 840 mus,
251 798 347 834 hunc
364 802 526 835 ordinem
543 803 579 835 in
598 803 667 836 vita
686 803 829 847 politica
853 815 1043 847 congruere
1069 805 1111 837 ad

130 851 380 885 rectitudinem
415 865 432 886 a
460 851 535 886 Deo
566 854 773 887 institutam.
842 853 963 899 Itaque
996 861 1113 888 extant

129 901 289 946 exempla
315 903 454 947 piorum
480 904 563 937 inde
585 916 696 949 usque
721 905 766 937 ab
791 904 911 944 initio,
943 911 982 938 ut
998 903 1111 938 Abra-

129 949 214 990 hae,
241 951 354 991 Isaac,
383 952 639 998 Prophetarum
657 961 687 987 et
707 955 958 998 Apostolorum
975 955 1113 1000 aliquo—

128 1001 208 1043 ties,
227 1009 260 1036 et
278 1015 403 1047 magna
420 1016 498 1038 cum
516 1006 777 1048 exaggeratione
795 1006 998 1046 iurantium,
1024 1018 1112 1050 quae

129 1054 366 1095 convincunt,
392 1067 512 1088 verum
536 1055 668 1095 iurare,
693 1067 765 1088 esse
789 1068 876 1099 opus
900 1068 962 1089 sno
987 1068 1111 1098 genere

127 1103 283 1145 bonum,
324 1112 357 1138 et
386 1117 404 1138 a
430 1105 504 1138 Deo
537 1106 739 1140 ordinatum
765 1113 869 1151 atque
895 1118 1109 1140 concessum.

126 1151 291 1200 Denique
313 1156 367 1188 lex
389 1154 456 1189 Dei
491 1155 592 1191 Deut.
607 1156 641 1191 6.
665 1168 823 1200 expresse
854 1157 988 1202 inquit:
1044 1157 1111 1191 Per

126 1215 256 1238 nomen
273 1205 422 1239 Domini
441 1205 505 1239 Dei
523 1207 573 1240 tui
589 1207 732 1240 iurabis.

231 1270 303 1305 lam
322 1278 412 1305 recte
435 1272 607 1312 instituti,
641 1284 679 1304 ac
703 1272 936 1314 intelligentes
960 1274 1109 1317 explica-

127 1321 235 1356 tionis
259 1329 400 1355 nostrae
428 1323 654 1355 fundamenta
687 1333 746 1354 seu
773 1322 906 1362 fontes,
949 1324 1109 1357 videlicet

126 1372 316 1405 discrimen
333 1371 436 1415 Legis
452 1379 485 1405 et
501 1370 704 1415 Evangelii,
738 1384 776 1405 ac
803 1372 938 1416 politici
962 1374 1110 1415 ordinis,

123 1421 192 1466 ipsi
214 1423 366 1466 cogitent
389 1430 493 1467 atque
518 1424 753 1467 perpendant,
781 1424 959 1467 quomodo
988 1425 1108 1459 dextre

127 1473 174 1506 sit
207 1472 478 1516 intelligendus,
522 1480 580 1506 aut
607 1473 897 1517 interpretatione
925 1476 1107 1509 commoda

123 1523 310 1558 leniendus
327 1521 383 1557 bic
399 1524 496 1557 locus
512 1523 550 1556 in
569 1522 762 1560 Matthaeo.

225 1589 385 1624 Primum
404 1598 518 1625 autem
535 1591 787 1625 consideranda
806 1598 855 1625 est
875 1593 1044 1636 particula
1070 1593 1107 1626 in

121 1647 236 1676 textu:
261 1640 342 1674 Non
362 1653 424 1685 per
441 1642 589 1680 coelum,
616 1654 688 1674 non
706 1653 767 1685 per
782 1648 910 1675 terram
926 1649 990 1678 etc.
1023 1643 1108 1677 Cer-

123 1691 297 1726 tissimum
325 1698 374 1724 est
396 1692 488 1724 enim
514 1692 643 1724 formas
670 1692 810 1725 iurandi
836 1704 897 1733 per
922 1701 1107 1733 creaturas,

122 1742 265 1775 illicitas
281 1748 313 1775 et
329 1738 527 1785 prohibitas
542 1753 632 1781 esse,
654 1743 743 1775 sicut
759 1740 849 1786 proh
865 1743 968 1775 dolor
979 1767 987 1781 ,
1014 1745 1106 1786 apud

124 1803 245 1825 omnes
262 1798 382 1834 gentes
394 1818 403 1832 ,
431 1803 495 1824 nec
512 1793 605 1834 apud
624 1791 771 1824 ludaeos
787 1793 956 1826 duntaxat
974 1792 1106 1827 etEtb-

123 1842 238 1880 nicos,
263 1843 322 1875 sed
339 1842 441 1874 etiam
461 1841 676 1885 professione
693 1842 866 1887 tituloque
879 1841 1107 1885 Christianos,

124 1891 210 1926 haec
238 1892 350 1936 turpis
378 1898 409 1925 et
437 1893 640 1926 detestanda
671 1894 887 1926 consuetudo
922 1894 1107 1934 increbuit,

123 1944 216 1988 quod
236 1943 272 1976 in
287 1943 438 1976 iurando
454 1943 543 1977 fiunt
558 1943 796 1976 invocationes
814 1955 887 1977 non
902 1944 1011 1977 solius
1028 1943 1106 1988 Dei,

121 1995 181 2028 sed
200 2001 436 2027 creaturarum
453 2005 606 2038 quoque.
660 1993 709 2026 lta
728 2006 823 2027 nunc
838 1995 931 2038 apud
948 1993 1106 2039 Papistas

122 2044 297 2088 conceptis
315 2044 430 2077 verbis
447 2044 569 2078 usitate
586 2044 665 2077 talis
683 2044 822 2077 iurandi
847 2045 957 2077 forma
977 2058 1105 2089 propo-

123 2094 235 2127 nitur:
279 2093 328 2128 lta
357 2106 411 2127 me
435 2093 530 2128 Deus
563 2095 722 2135 adiuvet,
763 2101 795 2128 et
827 2106 948 2128 omnes
972 2096 1105 2130 Sancti.

123 2144 182 2178 Sic
200 2143 319 2178 Iudaei
341 2144 457 2177 iurant
483 2156 544 2188 per
569 2145 760 2189 templum,
785 2143 929 2179 Ethnici
947 2158 1009 2190 per
1026 2159 1104 2179 coe-

119 2195 194 2229 lum
210 2201 243 2229 et
259 2202 398 2229 terram.

222 2261 298 2295 Hos
320 2262 443 2294 modos
468 2261 608 2294 illicitos
631 2269 722 2295 taxat
738 2261 932 2300 Dominus,
958 2274 996 2295 ac
1020 2274 1102 2306 pro-

122 2310 219 2346 hibet
236 2312 478 2346 invocationes
496 2320 745 2347 creaturarum.
798 2311 885 2345 Nam
904 2313 1031 2345 iuratio
1053 2320 1102 2346 est

122 2363 296 2397 invocatio
315 2363 410 2396 illius
427 2363 487 2408 qui
506 2363 649 2401 citatur,
683 2369 722 2395 nt
739 2362 782 2395 sit
802 2363 896 2395 testis
914 2370 947 2398 et
965 2363 1102 2395 vindex.

122 2413 226 2448 Scitis
246 2420 361 2447 autem
381 2414 495 2447 solnm
513 2425 633 2445 verum
651 2411 785 2452 Deum,
813 2413 872 2457 qui
891 2425 926 2446 se
943 2414 1100 2456 patefecit

120 2464 340 2505 missoFilio,
368 2464 624 2503 invocandum,
653 2475 715 2496 nec
734 2461 904 2496 honorem
922 2462 995 2496 Deo
1015 2476 1100 2508 pro—

121 2516 197 2558 prie
213 2515 492 2555 convenientem,
513 2514 741 2547 tribuendum
758 2525 830 2546 esse
845 2514 908 2546 ulli
924 2514 987 2555 rei,
1015 2526 1101 2559 quae

121 2575 193 2598 non
211 2572 261 2600 est
277 2566 386 2601 Deus.
440 2563 569 2598 Omnis
586 2565 679 2597 enim
700 2564 876 2598 invocatio
903 2564 1027 2598 tribuit
1049 2565 1100 2597 illi

122 2615 192 2653 ¹¹83,
217 2628 321 2661 quam
336 2617 494 2657 invocat,
520 2613 691 2649 honorem
709 2627 769 2649 seu
793 2615 924 2648 cultum
949 2615 1101 2658 peculia-

124 2664 288 2702 riter-Deo
302 2668 478 2707 debitum,
500 2666 628 2700 scilicet
641 2693 649 2707 ‚
676 2666 927 2710 inspectionem
942 2666 1101 2699 cordium

527 109 917 147 ANNOTATIONES
945 110 1009 146 ET
1036 109 1316 147 CONCIONES
1347 111 1396 148 ΙΝ
1420 111 1603 152 EVANG.
1633 117 1916 159 MATTHAEI.

1137 985 1142 1046 l

1136 1161 1139 1260 l

2086 132 2159 168 614

1175 202 1209 229 et
1235 197 1541 241 omnipotentiam.
1603 201 1743 246 Quanta
1772 207 1880 250 igitur
1908 210 2067 257 impietas
2095 225 2155 260 est,

1175 244 1345 280 honorem
1368 248 1434 282 Dei
1459 252 1645 286 transferre
1666 257 1710 288 ad
1736 261 1930 294 creaturas!
1983 263 2077 300 Haec
2103 276 2153 302 est

1173 297 1276 342 plana
1296 305 1328 332 et
1347 300 1505 342 expedita
1521 304 1719 346 responsio,
1752 308 1931 353 videlicet,
1959 312 2153 352 Dominum

1171 359 1243 381 non
1268 345 1456 391 probibere
1477 350 1570 384 licita
1597 352 1810 396 iuramenta,
1838 361 1965 404 quibus
1983 366 2150 411 obligatio

1171 398 1207 431 fit
1225 397 1424 433 immediate
1447 400 1540 433 inter
1556 402 1671 436 Deum
1697 412 1729 438 et
1755 404 1950 453 bominem,
1976 417 2034 449 sed
2057 418 2152 452 iura-

1171 456 1284 482 menta
1303 449 1390 483 facta
1410 462 1481 483 non
1499 462 1559 494 per
1581 464 1707 487 nomen
1728 454 1811 498 Dei,
1836 471 1923 503 quae
1942 472 2022 498 sunt
2048 468 2150 501 invo-

1169 499 1322 532 cationes
1338 508 1594 541 creaturarum,
1622 511 1661 538 ut
1681 517 1759 539 cum
1780 507 1815 540 in
1835 509 2061 550 iureiurando
2087 521 2148 552 ad-

1169 550 1302 583 duntur
1318 549 1439 585 Sancti
1457 559 1520 585 etc.

1269 615 1454 658 Secundo,
1507 621 1749 656 consideretur
1787 625 1922 670 insigne
1959 631 2147 669 discrimen

1167 666 1260 700 inter
1283 666 1527 702 iusiurandum
1552 671 1706 705 delatum
1732 686 1751 707 a
1774 678 1977 720 magistratu
2010 684 2064 716 vel
2090 686 2149 719 iu-

1167 717 1324 758 dicibus,
1352 720 1445 763 quod
1475 719 1511 752 in
1532 722 1628 754 omni
1651 723 1798 767 imperio
1822 738 1997 764 summum
2023 735 2148 769 vincu-

1167 767 1239 801 lum
1264 775 1333 806 est,
1370 768 1403 802 et
1427 770 1520 803 inter
1542 770 1759 814 iuramenta,
1798 789 1885 821 quae
1910 782 2073 823 privatim
2102 788 2147 821 ab

1166 815 1320 852 humana
1336 819 1521 861 futilitate,
1547 821 1624 855 sine
1639 835 1764 867 magna
1783 839 1883 861 causa
1903 837 1935 863 et
1962 835 2058 874 gravi
2083 838 2145 870 de-

1166 869 1395 911 liberatione,
1429 870 1505 904 sine
1524 874 1692 907 mandato
1714 879 1904 919 potestatiS.
1959 881 2044 916 Item
2070 899 2143 921 non

1166 926 1310 962 cogente
1328 921 1510 955 vocatione
1527 931 1729 967 erumpunt.
1776 926 1866 961 Nam
1885 929 2130 969 iusiurandum

1166 971 1260 1014 quod
1286 971 1508 1014 magistratus
1539 980 1573 1007 et
1600 973 1733 1009 iudices
1761 979 1959 1022 postulant,
1991 992 2052 1019 aut
2075 966 2143 1022 alia

1165 1020 1368 1062 necessitas,
1402 1034 1481 1056 cum
1506 1031 1706 1059 reverenter
1730 1034 1835 1073 atque
1859 1032 1949 1064 serio
1971 1034 2141 1077 dandum,

1165 1078 1239 1104 tum
1266 1079 1381 1105 sancte
1406 1085 1602 1119 magnaque
1633 1075 1803 1119 religione
1833 1084 2043 1118 servandum
2073 1096 2141 1123 est:

1164 1122 1192 1154 si
1219 1128 1334 1155 tamen
1351 1123 1506 1164 legitima
1526 1125 1637 1158 forma
1653 1135 1882 1172 conceptum,
1910 1132 1968 1167 fiat
1992 1147 2053 1178 per
2076 1151 2141 1171 no·-

1164 1184 1244 1204 men
1263 1173 1372 1206 solius
1389 1172 1474 1212 Dei,
1502 1182 1534 1208 et
1550 1175 1587 1207 in
1607 1187 1643 1208 re
1661 1176 1770 1219 licita,
1786 1191 1875 1224 quae
1894 1183 2023 1219 scilicet
2041 1200 2142 1231 prae-

1164 1222 1246 1255 stari
1262 1224 1371 1266 possit
1386 1224 1517 1269 absque
1534 1226 1723 1260 violatione
1741 1231 1898 1265 mandati
1915 1234 2040 1270 divini.

1265 1287 1397 1322 Verum
1414 1293 1630 1326 consuetudo
1647 1300 1776 1328 temere
1795 1298 1838 1330 de
1857 1299 2014 1343 qualibet
2032 1316 2070 1338 re
2086 1306 2143 1340 iu-

1162 1338 1266 1371 randi
1297 1339 1373 1372 sine
1403 1342 1605 1383 vocatione,
1656 1346 1822 1380 mandato
1860 1356 1893 1382 et
1931 1355 2143 1393 necessitate.

1163 1387 1249 1422 Item
1279 1391 1484 1424 temerarius
1519 1403 1602 1426 usus
1636 1393 1846 1430 iniustarum
1869 1403 2129 1439 execrationum

1163 1451 1252 1483 quae
1282 1439 1371 1473 fiunt
1399 1453 1478 1474 cum
1510 1442 1733 1478 invocatione
1754 1444 1836 1488 Dei,
1871 1456 1910 1483 ut
1937 1462 2060 1489 noceat
2083 1434 2143 1491 seii

1163 1490 1347 1525 maledicat
1382 1492 1460 1524 aliis
1505 1493 1581 1526 sine
1616 1495 1688 1528 ulla
1725 1498 1822 1539 gravi
1858 1512 1978 1543 causa,
2028 1508 2142 1550 qualis

1162 1537 1247 1573 haec
1263 1548 1312 1574 est
1330 1539 1513 1576 horribilis
1530 1544 1751 1588 imprecatio:
1782 1547 1826 1582 Ut
1850 1557 1882 1582 te
1896 1550 1991 1586 Deus
2008 1559 2128 1598 perdat

1162 1597 1196 1624 et
1215 1591 1366 1632 similes,
1393 1605 1478 1637 quas
1497 1600 1612 1627 tamen
1638 1592 1721 1629 haec
1744 1606 1836 1632 aetas
1862 1601 2058 1639 detestabili
2081 1585 2141 1640 va:

1161 1641 1270 1674 nitate
1285 1653 1323 1674 ac
1347 1644 1557 1686 profanitate
1574 1645 1730 1679 furenter
1754 1650 1797 1681 ad
1822 1650 1977 1693 vulgaria
2003 1659 2143 1699 negotia

1161 1692 1337 1724 transfert.
1390 1691 1485 1726 Haec
1504 1701 1585 1727 sunt
1600 1696 1700 1729 valde
1716 1698 1825 1732 tristia
1846 1710 2002 1745 peccata,
2029 1714 2061 1740 et
2079 1709 2142 1741 ssa-

1162 1730 1423 1784 gitiosi·abusus
1439 1744 1595 1777 nominis
1611 1745 1745 1787 divini,
1774 1759 1967 1793 pugnantes
1989 1768 2067 1790 cum
2087 1770 2141 1792 se—

1161 1793 1276 1824 cundo
1295 1800 1477 1837 praecepto
1495 1792 1670 1838 Decalogi.
1712 1797 1867 1835 Pertinet
1883 1810 1999 1838 autem
2016 1809 2058 1840 ad
2079 1821 2142 1853 pa-

1160 1849 1300 1874 rentum
1318 1843 1472 1876 officium
1485 1871 1494 1885 ,
1522 1847 1680 1879 coercere
1699 1847 1829 1883 liberos
1856 1859 2020 1894 paternae
2037 1861 2141 1893 casti-

1159 1893 1308 1935 gationis
1342 1900 1455 1932 metu,
1506 1906 1551 1927 ne
1583 1907 1713 1929 nomen
1745 1897 1811 1932 Dei
1847 1906 2059 1942 transferant
2096 1913 2140 1943 ad

1159 1943 1283 1976 stultas
1301 1949 1334 1976 et
1355 1943 1501 1977 iniustas
1517 1946 1768 1987 execrationes,
1798 1950 1879 1984 item
1899 1965 1942 1987 ne
1963 1957 2034 1991 sint
2051 1960 2137 1993 faci-

1159 1993 1207 2025 les
1226 2000 1256 2026 et
1272 1994 1389 2026 sutiles
1407 1994 1442 2026 in
1460 1995 1622 2030 iurando.
1676 1996 1858 2035 Debebant
1876 2010 1907 2037 et
1924 2007 2056 2047 politici
2075 2022 2138 2053 gu-

1159 2044 1361 2076 bernatores
1385 2044 1469 2077 haec
1494 2053 1631 2089 peccata
1654 2050 1782 2083 severis
1807 2056 1972 2098 exemplis
2000 2061 2135 2101 punire.

1159 2094 1226 2126 Sed
1267 2094 1348 2138 quia
1382 2103 1544 2138 parentes
1576 2104 1608 2130 et
1638 2099 1857 2141 magistratus
1886 2105 2002 2148 ignavi
2033 2117 2136 2155 atque

1157 2144 1371 2186 negligentes
1395 2145 1431 2177 in
1456 2146 1636 2189 puniendo
1658 2150 1783 2184 desunt
1805 2154 1919 2188 officio
1945 2168 2026 2198 δυο,
2056 2160 2134 2195 ideo

1157 2201 1273 2237 postea
1301 2196 1516 2238 respublicae
1536 2198 1656 2237 bellis,
1690 2203 1960 2244 vastationibus,
1999 2216 2030 2242 et

1158 2245 1306 2286 publicis
1331 2246 1588 2281 calamitatibus
1606 2250 1816 2292 plectuntur.

1155 2295 1304 2337 ligentcr
1321 2303 1352 2330 et
1369 2308 1469 2341 saepe
1484 2298 1653 2341 cogitetis.

2053 2211 2133 2246 aliis

1868 2254 1945 2297 Qua
1963 2258 2006 2291 de
2022 2272 2059 2294 re
2079 2263 2133 2295 di-

1255 2362 1306 2396 De
1329 2364 1392 2397 ista
1411 2362 1564 2398 humana
1582 2366 1763 2408 futilitate,
1790 2381 1861 2403 non
1887 2375 2130 2413 considerante

1153 2414 1432 2455 magnitudinem
1453 2415 1685 2449 iurisiurandi
1703 2417 1863 2463 loquitur
1878 2429 1988 2458 textus
2008 2427 2041 2459 in
2063 2426 2128 2463 lioc

1154 2465 1264 2507 capite
1283 2463 1475 2503 Matthaei,
1503 2473 1535 2498 et
1551 2467 1664 2509 arguit
1688 2471 1812 2511 corda,
1840 2475 1933 2516 quod
1959 2476 2126 2513 altissima

1153 2516 1336 2548 securitate
1364 2516 1488 2548 leviter
1518 2524 1640 2550 curant
1666 2525 1699 2552 et
1724 2522 1822 2563 parvi
1848 2525 2006 2565 pendunt
2038 2528 2125 2563 iram

1152 2564 1238 2603 Dei,
1266 2579 1343 2599 cum
1369 2566 1403 2598 in
1428 2566 1651 2600 invocatione
1674 2569 1758 2602 falsa
1783 2572 1836 2604 vel
1863 2573 1982 2609 illicita
2006 2580 2126 2613 multi-

1154 2616 1289 2660 pliciter
1304 2629 1382 2649 eum
1400 2618 1622 2651 contumeliis
1640 2619 1807 2657 afficiunt,

1464 2714 1550 2750 39*
