2409 2915
90 133 160 168 701
346 129 425 167 XII.

143 244 151 247 s
189 215 326 252 Eodem
351 217 458 250 modo
478 221 628 260 potestas
648 213 789 258 politica
807 210 911 246 habet
928 213 1075 246 manda-

89 276 185 310 tum,
211 274 250 302 ut
273 268 317 302 sit
343 274 457 302 custos
481 265 687 309 disciplinae
705 271 739 298 et
754 263 869 308 pacis,
897 270 930 297 et
949 270 1076 298 contu-

88 331 202 353 maces
221 320 343 364 poenis
357 317 618 361 corporalibus,
644 327 796 353 carcere,
826 315 974 360 laqueis,
1001 315 1075 358 gla-

90 372 168 411 dio,
195 371 249 403 vel
271 370 350 403 aliis
365 367 598 402 atrocioribus
613 366 795 410 suppliciis
813 369 969 400 coerceat
982 393 990 404 ‚
1018 377 1076 398 ca-

90 422 210 465 stiget,
242 428 301 454 aut
328 431 390 464 pro
417 419 543 459 modo,
578 417 868 455 circumstantiis,
902 423 933 450 et
961 416 1076 461 quali-

91 480 160 507 tate
183 471 318 511 delicti,
352 470 452 503 tollat
474 481 492 502 e
518 469 635 502 medio
660 476 692 503 et
716 468 913 503 interficiat.
974 466 1075 501 Hanc

91 522 294 567 disciplinae
315 520 616 554 conservationem
639 526 671 553 et
688 519 927 552 executionem
944 530 1076 563 poena-

91 586 188 612 rum,
216 572 252 604 in
277 571 417 615 politica
441 570 696 615 gubernatione
714 569 810 603 Deus
833 569 908 614 ipse
933 570 1076 603 adiuvat

91 632 123 658 et
153 619 332 667 provehit,
369 623 440 655 imo
475 622 549 666 ipse
581 621 668 664 regit
690 621 870 668 potestatis
895 632 1019 654 manus
1043 627 1076 653 et

89 681 199 708 armat
214 673 342 716 gladio.
379 672 609 718 Nequaquam
627 672 719 705 enim
738 671 961 718 magistratus
974 682 1074 715 prae-

88 724 198 759 sentia
215 730 249 758 et
265 723 397 757 auxilio
413 722 480 757 Dei
498 723 704 764 destitutus,
733 722 897 766 par'esset
913 720 995 755 huic
1012 733 1074 755 suo

87 774 244 815 muneri,
274 787 337 808 nec
361 775 434 808 sola
458 774 644 808 autoritate
663 785 724 807 sua
742 774 948 817 reprimeret
967 773 1075 807 latro-

87 826 200 865 cinia,
241 832 274 859 et
307 826 588 859 facinorosorum
622 824 815 857 audaciam.
885 823 1074 868 Propterea

88 877 256 921 scriptum
279 884 329 911 est
347 876 562 920 gravissimis
579 875 694 909 verbis
714 875 750 907 in
767 874 915 908 Daniele
933 886 1005 918 cap.
1023 876 1073 908 2:

87 927 183 962 Deus
206 934 254 960 est
271 927 333 974 qui
351 927 534 961 constituit
551 939 590 960 ac
606 926 770 960 transfert
788 937 891 969 regna
903 953 912 966 ,
939 926 998 958 sed
1018 923 1075 957 hic

86 985 217 1013 textus:
246 977 363 1013 Nolite
390 978 564 1016 iudicare,
593 988 736 1020 prorsus
759 988 831 1010 non
856 977 1015 1021 loquitur
1033 976 1075 1008 de

87 1029 202 1063 officio
227 1029 408 1063 iudicandi
433 1036 467 1062 et
483 1029 672 1072 arguendi,
701 1028 797 1074 quod
815 1028 870 1060 vel
888 1026 1075 1070 Evangelii

86 1081 265 1119 minister,
300 1080 354 1112 vel
384 1080 607 1123 magistratus
631 1079 794 1122 politicus
818 1085 951 1112 exercet
974 1089 1076 1110 man—

87 1132 169 1165 dato
197 1130 331 1164 divino.
384 1128 449 1164 Est
476 1131 571 1163 enim
588 1127 654 1162 hoc
671 1130 747 1162 loco
765 1126 937 1172 emphasis
954 1129 1076 1162 obser-

86 1183 202 1216 vanda
220 1182 409 1215 verborum
426 1178 576 1215 Christi:
610 1178 686 1214 Vos
706 1191 765 1213 vos
783 1180 893 1213 nolite
910 1180 1076 1219 iudicare,

86 1233 124 1266 id
149 1240 217 1270 est,
244 1243 304 1265 vos
330 1230 492 1265 homines
513 1244 587 1265 non
611 1231 745 1264 debetis
763 1242 802 1263 ex
818 1230 952 1274 privata
968 1230 1076 1263 male-

88 1283 242 1317 volentia
260 1290 319 1317 aut
337 1283 538 1316 curiositate
555 1289 649 1315 extra
667 1281 868 1314 vocationes
883 1292 1076 1324 erumpere,

88 1341 121 1368 et
144 1333 298 1367 officium
324 1333 392 1367 Dei
415 1334 514 1366 vobis
538 1344 712 1375 arrogare,
779 1329 875 1364 Deus
898 1337 948 1363 est
970 1331 1075 1363 iudex

85 1385 237 1418 mediate
260 1395 322 1427 per
342 1383 523 1417 ministros
546 1383 646 1415 verbi
663 1389 696 1415 et
723 1381 964 1424 magistratum
984 1381 1074 1425 poli-

85 1435 193 1470 ticum
207 1461 215 1475 ‚
241 1445 303 1467 vos
326 1445 548 1479 nequaquam
567 1431 770 1466 constituite
791 1443 850 1465 vos
868 1432 964 1479 ipsos
981 1431 1075 1465 iudi-

86 1498 141 1520 ces
165 1485 296 1530 absque
314 1483 390 1518 Deo
414 1491 448 1518 et
470 1485 603 1531 absque
620 1483 818 1518 vocatione.
872 1481 924 1516 Ita
940 1482 1075 1516 intelli-

86 1537 166 1581 gitis
190 1533 285 1569 hunc
309 1542 441 1569 textum
465 1536 592 1568 diserte
616 1546 677 1567 seu
702 1534 864 1567 distincte
886 1533 986 1578 loqui
1001 1545 1074 1566 non

86 1589 129 1622 de
152 1586 358 1620 ministeriis
383 1587 436 1619 vel
459 1586 584 1619 officiis
608 1585 780 1618 divinitus
796 1585 988 1624 ordinatis,
1015 1585 1075 1617 sed

89 1640 132 1672 de
156 1637 297 1671 iudiciis
314 1648 403 1682 quae
419 1637 508 1671 fiunt
526 1643 620 1670 extra
640 1648 701 1669 seu
719 1642 856 1679 praeter
873 1635 1075 1669 vocationes

87 1696 120 1724 et
138 1688 411 1732 gubernationes
428 1688 578 1720 divinas.

189 1738 284 1772 Haec
322 1738 427 1771 initio
463 1738 559 1771 volui
593 1736 942 1770 commonefactionis
974 1746 1074 1769 causa

86 1789 254 1835 praefari,
281 1801 325 1822 ne
349 1795 461 1822 textus
481 1789 542 1822 iste
560 1789 812 1833 detorqueatur
829 1794 862 1821 et
877 1799 1075 1820 accommo-

86 1843 190 1874 detur
216 1841 258 1873 ad
285 1839 409 1873 deliria
426 1839 678 1873 fascinatorum
696 1844 728 1871 et
746 1838 962 1871 furiosorum
978 1838 1076 1870 Ana-

85 1892 329 1936 baptistarum,
357 1890 417 1935 qui
433 1890 597 1938 politicae
614 1889 794 1933 potestatis
809 1889 964 1922 officium
980 1895 1075 1922 atro-

87 1943 172 1978 citer
195 1942 454 1984 condemnant,
488 1948 520 1975 et
545 1940 711 1974 seditiose
735 1940 951 1973 conturbant
972 1946 1076 1984 atque

87 1993 303 2028 convellunt.
354 1990 433 2026 Imo
451 1992 602 2025 sciamus
619 1991 723 2025 etiam
742 1990 906 2034 politicae
923 1997 1076 2035 potesta-

86 2046 131 2079 tis
156 2043 311 2077 officium
338 2054 498 2090 expresse
520 2054 538 2075 a
564 2041 640 2076 Deo
663 2042 866 2075 institutum
892 2048 924 2075 et
948 2040 1076 2073 confir-

86 2102 240 2132 matum,
273 2100 430 2127 sanctum
456 2101 489 2127 et
511 2093 608 2138 pium
634 2104 724 2133 esse,
759 2092 907 2137 Deoque
929 2092 1077 2135 placere,

87 2147 182 2180 iuxta
215 2144 348 2177 di'ctum
373 2144 482 2177 sancti
509 2144 600 2187 regis
622 2140 788 2186 Iosaphat
814 2144 848 2176 2.
867 2142 979 2177 Paral.
999 2142 1075 2177 19.:

86 2197 168 2231 Non
194 2193 402 2234 hominum,
447 2195 507 2227 sed
533 2193 679 2228 Domini
706 2193 878 2226 iudicium
901 2193 1075 2226 exercetis.

89 2247 140 2282 lta
160 2246 292 2280 dehetis
313 2245 473 2279 venerari
491 2251 524 2277 et
542 2242 677 2277 honore
692 2245 828 2276 afficere
847 2250 960 2277 totum
978 2244 1075 2277 ordi-

87 2310 166 2332 nem
185 2297 381 2342 politicum,
409 2303 442 2329 et
459 2295 651 2328 voluntatis
667 2301 770 2340 atque
790 2294 1003 2338 praesentiae
1021 2295 1075 2326 di-

87 2350 190 2383 vinae
211 2346 414 2382 testimonia
433 2347 468 2379 in
487 2359 527 2379 eo
544 2357 748 2389 agnoscere,
775 2346 1074 2389 quemadmodum

87 2400 286 2445 saepissime
303 2398 417 2432 solent
433 2397 533 2431 vobis
550 2394 635 2430 haec
651 2396 800 2429 fideliter
818 2395 992 2439 explicari.

488 2488 672 2519 Quaestio.

189 2550 277 2586 Cum
300 2549 408 2593 igitur
429 2555 562 2583 constet
583 2560 656 2581 non
681 2544 862 2591 prohiberi
883 2559 900 2579 a
918 2545 1074 2580 Domino

91 2603 217 2637 iudicia
239 2601 381 2646 politica
407 2612 467 2633 seu
494 2597 821 2643 reprehensionem,
849 2610 937 2643 quae
958 2598 994 2631 fit
1016 2609 1075 2641 per

92 2653 327 2696 magistratus,
353 2651 421 2684 iam
438 2651 588 2695 quaeris,
616 2662 787 2695 quaenam
805 2649 934 2682 iudicia
953 2655 1074 2683 taxen-
1097 2663 1100 2673 ·

1095 2707 1099 2733 ¹.
1126 2699 1297 2734 lectemur
1312 2697 1643 2739 obtrectationibus,
1672 2704 1731 2731 aut
1746 2697 1990 2731 maledicentia
2004 2724 2012 2738 ‚
2039 2708 2113 2730 non

92 2710 150 2737 tur
166 2710 267 2749 atque
285 2702 470 2737 vetentur?

481 124 875 164 ANNOTATIONES
901 124 966 161 ET
994 122 1274 161 CONClONES
1303 124 1352 159 IN
1378 123 1561 161 EVANG.
1592 124 1870 161 MATTHAEI.

2042 127 2115 161 702

1519 219 1726 250 Responsio.

1230 273 1472 310 Prohibentur
1511 278 1631 311 omnia
1664 277 1795 311 iudicia
1827 278 1981 321 privata,
2026 289 2115 322 quae

1128 325 1218 361 fiunt
1244 333 1338 360 extra
1363 328 1417 359 vel
1443 334 1564 361 contra
1582 328 1742 361 ordinem
1762 328 1975 362 iudiciorum
1995 328 2115 373 publi-

1128 389 1249 412 corum
1275 377 1448 411 divinitus
1472 379 1768 422 approbatorum,
1790 386 1829 412 ut
1853 380 1972 413 omnia
1995 391 2115 413 emen-

1130 430 1191 463 tita
1215 428 1372 461 convicia
1392 435 1425 462 et
1442 429 1647 462 calumniae.
1700 428 1787 462 Item
1804 430 2050 473 ambiguorum
2069 430 2116 464 si-

1128 481 1259 514 nistrae
1290 479 1609 523 interpretationes.
1670 478 1758 513 Item
1790 481 1975 514 maledicta
2010 482 2114 515 etiam

1128 543 1228 570 vera,
1260 542 1349 575 quae
1379 531 1611 578 proferuntur
1639 531 1758 564 animo
1789 532 1941 564 nocendi
1967 538 1999 565 et
2025 532 2116 565 exci-

1128 581 1227 616 tandi
1259 582 1409 614 maiores
1440 582 1578 622 turbas,
1611 582 1822 623 discordias,
1859 582 2117 626 dissipationes,

1129 632 1328 667 seditiones,
1383 631 1455 665 Iam
1482 633 1612 676 singuli
1636 634 1808 676 cogitent,
1835 644 1940 677 quam
1963 633 2032 667 late
2057 645 2117 665 va-

1129 691 1230 728 getur
1250 681 1315 716 hoc
1335 690 1533 727 peccatum,
1559 696 1664 729 quam
1683 684 1826 726 vulgare
1842 684 1886 717 sit
1902 683 2026 717 vitium
2043 695 2118 716 ma—

1128 734 1337 774 ledicentia,
1363 741 1403 767 ut
1426 746 1546 768 omnes
1571 735 1642 768 fere
1665 732 1829 767 homines
1853 734 2042 768 videantur
2057 735 2118 767 de·-

1128 785 1250 819 lectari
1283 785 1547 818 contumeliosis
1579 785 1617 818 in
1648 785 1734 818 alios
1767 786 2005 826 sermonibus,
2046 786 2118 818 sive

1129 836 1241 876 veris,
1271 836 1343 869 sive
1366 836 1481 877 falsis,
1509 829 1581 869 sive
1599 836 1719 876 certis,
1747 836 1987 870 siveincertis.
2041 835 2117 869 lmo

1129 888 1273 932 plurimi
1291 887 1486 930 suspicaces
1503 887 1639 930 fingunt
1657 894 1688 920 et
1706 887 2023 920 comminiscuntur
2039 898 2118 930 per-

1130 946 1233 982 petuo
1260 938 1346 970 alias
1370 944 1475 982 atque
1495 938 1580 971 alias
1598 937 1884 977 criminationes,
1911 946 1944 972 et
1960 936 2027 971 hoc
2045 943 2118 970 stu-

1129 989 1227 1023 dium
1249 988 1470 1032 suspicandi,
1498 989 1756 1033 interpretandi
1781 989 1943 1032 ambigua
1966 989 2003 1021 in
2023 989 2119 1021 dete-

1128 1040 1257 1073 riorem
1292 1046 1446 1083 partem,
1489 1046 1593 1085 atque
1624 1039 1883 1081 calumniandi,
1920 1039 2121 1072 existimant

1130 1103 1202 1124 esse
1228 1090 1405 1133 singulare
1428 1090 1636 1131 artificium,
1665 1102 1738 1123 non
1764 1091 1918 1134 vulgaris
1938 1090 2120 1124 cuiusdam

1128 1142 1331 1186 sapientiae.

1232 1208 1334 1242 Talia
1359 1209 1515 1252 privata,
1552 1208 1709 1249 curiosa,
1735 1207 1971 1248 calumniosa,
2003 1214 2035 1241 et
2061 1219 2121 1240 ve-

1129 1265 1276 1299 nenata,
1315 1270 1375 1291 seu
1405 1259 1581 1292 virulenta
1610 1259 1739 1292 iudicia
1764 1270 1866 1306 saepe
1884 1256 2120 1302 prohihentur

1128 1311 1167 1342 in
1196 1311 1303 1342 verbo
1331 1308 1414 1349 Dei,
1451 1317 1490 1343 ut
1523 1310 1676 1353 primum
1710 1310 1747 1342 in
1771 1316 1893 1342 octavo
1918 1315 2119 1353 praecepto:

1128 1359 1210 1393 Non
1232 1360 1326 1392 dices
1349 1359 1476 1392 salsum
1502 1360 1761 1401 testimonium,
1789 1367 1851 1394 etc.
1905 1359 1992 1393 ltem
2012 1359 2120 1392 Levi-

1128 1410 1189 1443 tici
1210 1410 1284 1445 19.:
1320 1409 1401 1443 Non
1427 1410 1494 1443 eris
1518 1422 1663 1444 susurro
1690 1411 1728 1443 in
1751 1410 1894 1454 populo.
1968 1409 2056 1443 Item
2084 1410 2122 1442 in

1128 1460 1162 1496 7.
1188 1461 1300 1505 capite
1322 1458 1553 1495 Ecclesiastae
1574 1460 1746 1495 Salomon
1771 1461 1904 1506 iuquit:
1933 1459 2122 1494 Calumnia

1128 1513 1316 1546 conturbat
1340 1512 1550 1556 sapientem,
1576 1519 1609 1546 et
1630 1513 1761 1555 frangit
1777 1512 1888 1545 robur
1903 1511 2019 1545 cordis
2035 1511 2121 1550 eius,

1128 1561 1196 1596 hoc
1226 1570 1292 1604 est,
1328 1563 1567 1596 calumniosae
1597 1563 1866 1607 depravationes
1890 1562 2120 1596 consiliorum

1128 1620 1188 1647 aut
1211 1614 1384 1647 factorum
1408 1614 1617 1661 opprimunt
1643 1614 1774 1657 optime
1789 1614 1934 1647 meritos
1950 1620 2120 1657 tanquam

1128 1662 1371 1697 homicidiales
1395 1664 1484 1697 sicae
1497 1691 1506 1705 ,
1533 1671 1564 1697 et
1583 1675 1684 1708 saepe
1703 1671 1785 1698 sunt
1801 1665 1893 1697 faces
1910 1675 2119 1707 magnarum

1129 1715 1403 1749 dissensionum.
1457 1713 1533 1747 Imo
1550 1715 1726 1747 calumnia
1742 1715 1975 1759 perniciosior
1992 1721 2042 1748 est
2057 1726 2119 1762 pe-

1128 1766 1189 1799 stis
1217 1766 1290 1809 ipsa
1315 1772 1429 1799 morte
1451 1765 1640 1809 corporali.
1693 1763 1752 1798 An
1777 1777 1850 1799 non
1875 1765 1969 1799 enim
1989 1765 2119 1799 tolera-

1129 1817 1236 1850 bilius
1252 1823 1303 1850 est
1318 1814 1456 1849 homini
1472 1822 1610 1850 tantum
1627 1816 1735 1850 vitam
1753 1817 1854 1860 eripi,
1882 1828 1987 1862 quam
2006 1816 2119 1849 eidem

1127 1869 1259 1901 bonam
1282 1867 1430 1908 samam,
1455 1867 1696 1900 valetudinem
1714 1873 1747 1901 et
1763 1867 1883 1900 omnia
1901 1874 1976 1900 tum
1993 1879 2119 1911 corpo-

1129 1919 1194 1959 ris,
1229 1924 1305 1952 tum
1326 1918 1489 1950 fortunae
1514 1918 1697 1951 commoda
1721 1917 1828 1951 simul
1851 1918 1966 1962 eripi?
2018 1917 2119 1960 Quo-

1129 1969 1194 2003 ties
1218 1969 1313 2001 enim
1336 1968 1544 2002 innocentes
1560 1975 1705 2013 propter
1721 1969 1956 2002 calumniosas
1972 1975 2005 2002 et
2020 1969 2119 2001 viru-

1128 2020 1240 2053 lentas
1262 2019 1533 2052 obtrectationes
1557 2025 1662 2064 atque
1682 2019 1876 2053 delationes
1893 2019 1999 2053 simul
2015 2019 2118 2052 amit-

1128 2077 1208 2105 tunt
1228 2070 1358 2103 bonam
1383 2069 1678 2104 existimationem
1701 2081 1762 2104 seu
1783 2070 1932 2108 famam,
1960 2070 2068 2104 vitam
2086 2077 2118 2103 et

1127 2120 1336 2154 facultates?
1388 2119 1476 2154 Item
1506 2120 1610 2154 dolor
1638 2128 1672 2155 et
1701 2121 1874 2155 moestitia
1899 2121 2014 2154 cordis
2039 2127 2116 2153 orta

1128 2184 1168 2205 ex
1184 2171 1256 2204 acri
1274 2182 1378 2204 sensu
1394 2171 1663 2205 nocentissimae
1677 2173 1783 2216 pestis
1799 2171 2004 2212 calumniae,
2029 2183 2116 2214 pau-

1128 2222 1226 2256 latim
1243 2222 1453 2266 languefacit
1468 2229 1499 2256 et
1518 2223 1706 2266 exstinguit
1725 2220 1918 2260 hominem,
1946 2223 2041 2266 quod
2059 2222 2116 2254 di-

1128 2279 1217 2308 serte
1241 2273 1391 2307 affirmat
1415 2273 1587 2307 Salomon
1617 2285 1691 2317 cap.
1709 2272 1743 2308 7.
1761 2271 2008 2306 Ecclesiastae:
2046 2272 2115 2306 Ca-

1128 2323 1265 2357 lumnia
1279 2324 1473 2366 sapientem
1489 2325 1693 2364 conturbat,
1717 2331 1750 2357 et
1766 2323 1895 2366 frangit
1912 2324 2022 2357 robur
2037 2336 2115 2357 cor-

1128 2375 1192 2410 dis.
1234 2375 1311 2408 Imo
1324 2372 1880 2422 additampliusEcclesiast.10.:
1907 2374 2115 2408 Calumnia-

1100 2448 1101 2452 =
1128 2433 1183 2460 tor
1204 2427 1337 2460 occulte
1363 2423 1574 2466 detrahens,
1601 2425 1689 2458 clam
1708 2432 1827 2466 nocet,
1853 2437 1950 2459 more
1969 2437 2113 2473 serpen-

1128 2477 1172 2511 tis
1187 2477 1387 2511 insidiantis
1402 2488 1521 2509 morsu
1537 2483 1569 2510 et
1586 2474 1710 2510 habitu
1726 2483 1910 2510 venenato.

1229 2545 1320 2579 Cum
1341 2545 1449 2588 igitur
1459 2543 1553 2577 Deus
1569 2545 1750 2577 mendacia
1767 2552 1799 2577 et
1817 2543 2010 2577 calumnias
2026 2544 2112 2576 adeo

1127 2607 1244 2630 severe
1279 2594 1523 2640 prohibuerit,
1573 2595 1748 2628 discamus
1787 2593 1872 2628 haec
1909 2601 2045 2639 peccata
2080 2601 2112 2627 et

1126 2659 1314 2691 agnoscere
1339 2654 1372 2680 et
1394 2647 1520 2683 vitare,
1548 2646 1726 2679 frenemus
1749 2646 1928 2688 linguam,
1955 2657 2027 2678 non
2051 2646 2112 2677 ‹le-
