2409 2915
295 107 369 144 235

401 189 447 224 Et
463 187 519 221 hic
535 185 675 228 utrique
691 179 946 223 complectendi
962 187 1061 220 sunt,
1087 176 1205 212 hostes
1221 179 1282 224 qui
1307 182 1311 226 1

300 249 420 278 contra
455 234 703 271 conscientiam
733 230 964 273 Evangelium
993 237 1218 274 oppugnant,
1251 237 1283 262 et
1308 257 1312 275 λ

300 291 427 328 medii,
454 288 514 332 qni
538 286 686 329 superbe
711 290 831 315 contra
854 281 1103 314 conscientiam
1121 281 1283 314 derident

301 351 424 376 omnes
447 336 652 380 religiones,
678 334 720 367 de
743 330 799 366 his
822 332 923 365 dicit:
952 332 1022 374 Qni
1049 343 1120 364 non
1145 340 1194 365 est
1211 342 1282 362 me-

300 405 390 431 cum,
415 387 592 432 dispergit.
641 384 747 418 Tales
765 384 858 416 enim
877 383 1019 423 plurimi
1037 388 1131 416 snnt.
1179 381 1283 414 Tales
1308 382 1311 408 !

297 450 378 475 sunt
405 441 526 477 etiam,
555 436 615 481 qni
639 435 704 468 sibi
733 447 795 467 suo
820 433 967 465 arbitrio
988 433 1124 474 fingunt
1141 432 1282 473 religio-

298 505 376 532 nes,
409 497 442 523 et
470 495 614 522 sumunt
645 498 684 519 ex
707 483 900 526 Evangelio
930 485 1025 528 quod
1053 483 1157 523 libet,
1190 482 1282 527 qnod
1309 495 1312 529 g

298 555 371 576 non
389 542 473 574 libet
490 538 666 572 reiicinnt.

682 627 733 651 De
764 624 908 649 tertio.

401 684 592 726 Postquam
609 676 770 712 Christus
793 678 835 710 de
853 678 957 709 rebus
973 676 1122 708 maxime
1140 672 1286 710 arcanis,

301 744 335 771 et
359 732 572 768 sublimibus
596 736 717 762 contra
741 727 959 760 adversarios
983 726 1163 770 superiora
1187 723 1287 762 dixit,

253 790 256 794 ’
300 788 371 821 iam
389 784 493 817 vertit
510 791 707 815 sermonem
724 780 764 812 ad
785 776 997 817 Ecclesiam,
1024 776 1078 809 cui
1100 775 1286 808 conciona—

300 844 358 871 tur
381 836 425 869 de
448 834 573 867 timore
590 830 675 870 Dei,
702 829 800 874 qnasi
824 829 938 869 dicat,
966 827 1079 860 maior
1095 832 1145 858 est
1164 832 1288 868 poten·
1313 836 1317 869 ι

299 888 348 922 tia
371 884 522 922 diaboli,
550 894 655 926 quam
682 891 742 913 vos
766 878 986 921 intelligitis,
1013 877 1126 909 maior
1149 876 1199 908 ira
1224 876 1287 908 ad·
1313 871 1318 945 Ι

300 948 422 971 versus
436 931 707 978 blasphemiam,
727 941 831 974 quam
844 929 994 971 cogitare
1011 926 1164 971 potestis.
1216 924 1288 958 lam
1314 950 1318 983 ἶ

303 989 411 1032 igitur
440 996 501 1018 vos
531 993 762 1027 praemoneo,
795 987 835 1013 ut
862 979 980 1021 agnito
1011 976 1224 1019 Evangelio,
1258 982 1289 1008 et
1315 984 1318 1009 1

304 1035 481 1073 consecuti
511 1032 775 1067 liberationem,
811 1029 990 1063 retineatis
1021 1028 1183 1061 timorem
1214 1026 1291 1066 Dei,

305 1089 387 1135 qnia
411 1085 513 1120 multi
540 1090 616 1128 post
640 1080 884 1114 liberationem
907 1080 995 1112 fiunt
1014 1078 1126 1111 securi
1145 1085 1177 1110 et
1195 1077 1289 1110 ocio·
1317 1103 1319 1113 ,

305 1141 351 1174 si:
387 1145 419 1171 et
447 1136 560 1170 ocium
594 1133 655 1165 alit
681 1143 719 1164 ac
741 1130 898 1163 incendit
924 1140 1048 1174 pravas
1073 1128 1293 1172 cupiditates,
1317 1115 1321 1154 1

307 1191 393 1224 sicut
411 1188 578 1230 scriptum
596 1190 660 1216 est:
688 1181 902 1215 Incrassatus
918 1187 966 1213 est
982 1190 1104 1212 servus
1119 1190 1233 1218 meus,
1260 1185 1291 1210 et
1317 1158 1322 1236 ι

307 1237 551 1275 recalcitravit.
608 1233 713 1268 Item:
742 1231 841 1265 Sedit
861 1231 1012 1276 populus
1031 1230 1244 1262 manducare
1262 1235 1292 1261 et
1319 1241 1322 1246 ·

306 1291 443 1327 bibere,
470 1294 503 1321 et
519 1283 708 1319 resurrexit
725 1283 857 1316 ludere.
902 1281 1111 1315 EtSodoma
1129 1279 1294 1312 sexennio

308 1348 369 1376 aut
392 1339 547 1377 circiter,
573 1342 757 1381 postquam
781 1331 897 1366 hostes
922 1332 1093 1365 divinitus
1118 1329 1293 1375 profligati

309 1397 408 1426 erant
432 1401 494 1434 per
512 1383 690 1421 Abraham
702 1411 711 1424 ,
737 1384 852 1428 coepit
876 1395 977 1417 ruere
995 1383 1030 1414 in
1048 1380 1224 1414 horrenda
1242 1380 1293 1412 vi-

308 1443 370 1477 tia.
422 1439 467 1473 Et
489 1439 525 1471 in
542 1434 723 1471 Matthaeo
748 1434 957 1467 nominatim
981 1432 1110 1465 dicitur
1134 1431 1177 1463 de
1201 1431 1294 1464 ocio.-

313 1491 455 1526 lnvenit
479 1491 621 1522 domum
646 1492 825 1518 vacantem
847 1491 909 1517 etc.
976 1483 1059 1516 ldeo
1084 1481 1297 1515 excutiamus

312 1541 533 1577 securitatem
560 1537 748 1582 propositis
772 1535 957 1578 exemplis,
985 1545 1073 1579 qnae
1096 1533 1298 1571 ostendunt,

312 1605 400 1639 quae
426 1591 528 1631 vitia,
556 1595 588 1622 et
612 1599 700 1633 quae
720 1598 851 1631 poenae
870 1593 945 1629 post
960 1584 1181 1618 securitatem
1201 1595 1295 1615 secu—

313 1651 367 1678 tae
388 1643 467 1676 sint.

582 1755 800 1796 Dominica
834 1755 1030 1794 Laetare.

371 1866 378 1879 ,
559 1828 792 1872 Evangelium
826 1824 995 1860 lobannis
1021 1827 1055 1860 6.

368 1898 456 1935 Post
484 1895 572 1930 haec
596 1893 690 1929 abiit
716 1892 819 1927 Iesus
847 1898 951 1926 trans
975 1904 1075 1925 mare
1092 1889 1304 1929 Galilaeae,
1326 1916 1332 1927 ,

420 1946 519 1997 quod
549 1951 597 1980 est
632 1941 876 1990 Tyberiadis‚
916 1948 945 1975 et
976 1942 1194 1990 sequebatur
1227 1954 1302 1975 eum
1329 1935 1333 1993 Ξ

422 1998 530 2033 turba
568 1995 705 2033 multa,
749 1994 838 2041 quia
873 1991 1042 2026 ridebant
1076 1993 1151 2026 eius
1181 1992 1332 2037 signa,'

421 2062 514 2099 quae
533 2046 702 2097 faciebat
724 2057 830 2091 super
856 2041 933 2083 his,
970 2044 1035 2091 qui
1059 2041 1303 2089 infirmaban-

423 2106 494 2135 tur.
549 2097 672 2131 Subiit
696 2101 814 2129 autem
832 2096 867 2128 in
887 2100 1041 2128 montem
1062 2093 1183 2135 Iesus,
1209 2099 1238 2126 et
1256 2093 1310 2128 ibi

423 2149 568 2185 sedehat
592 2161 669 2181 sum
698 2145 890 2193 discipulis
912 2146 1002 2181 suis.
1064 2145 1163 2178 Erat
1188 2150 1307 2178 autem

428 2201 640 2248 puncianum
660 2195 826 2238 Pascha,
850 2195 924 2230 dies
934 2197 1057 2245 festus
1077 2194 1309 2230 lutlaeorum.

425 2248 517 2287 Cum
547 2248 768 2285 sublestisset
793 2260 876 2293 crgo
901 2246 1021 2281 oculos
1051 2246 1168 2285 Iesus,
1205 2252 1234 2280 et
1260 2247 1310 2279 si-

428 2301 537 2336 dissrt
557 2298 656 2348 quod
671 2299 778 2334 turba
797 2297 914 2332 multa
933 2298 1063 2332 reniret
1082 2296 1136 2332 ad
1149 2310 1195 2335 se.
1225 2296 1311 2331 dicit

428 2351 482 2386 ad
510 2350 741 2397 Philippum:
787 2347 888 2385 Unde
922 2361 1074 2383 ememus
1105 2361 1239 2396 panes,
1275 2353 1311 2382 ut

429 2401 647 2438 manducent
676 2399 744 2434 his'
794 2400 872 2434 Jloc
898 2406 1017 2434 autem
1044 2398 1205 2439 dicebat,
1237 2404 1312 2433 ten-

431 2462 518 2491 tans
548 2466 637 2487 cunt.

384 2554 588 2603 Respondit
619 2555 650 2587 ei
676 2551 890 2599 Philippus:
932 2551 1176 2586 Durentorum
1202 2549 1315 2585 dena-

435 2610 571 2641 riorum
595 2617 709 2654 panes
737 2617 807 2637 non
834 2600 1024 2651 susfisiunt
1050 2604 1119 2640 eis.
1148 2608 1183 2636 ut
1204 2615 1316 2636 unus—

436 2658 586 2704 quisque
635 2668 754 2689 eorum
795 2654 976 2688 modicum
1021 2652 1114 2701 quid
1149 2654 1316 2699 accipiat.

895 94 1020 128 PHIL.
1048 92 1164 128 MEL.
1193 92 1401 129 SCRIPTA
1429 91 1726 129 EXEGETICA.

1332 2176 1337 2211 1

700 2451 784 2498 Ipse
809 2452 903 2485 enim
925 2451 1079 2490 sciebat,
1112 2449 1205 2498 quid
1227 2455 1312 2484 esset
1339 2476 1341 2484 ,

451 2508 611 2540 ¹acturus.
1339 2504 1341 2519 ³

2244 92 2320 130 236

1437 176 1543 212 Dicit
1567 190 1660 211 unus
1682 189 1728 211 ex
1747 174 1941 222 discipulis
1958 174 2034 210 eius
2052 173 2222 210 Andreas
2231 176 2323 224 fra-

1438 233 1491 262 ter
1506 226 1671 262 Simonis
1689 225 1806 261 Petri:
1835 225 1907 260 Est
1929 238 2019 272 puer
2044 239 2138 260 unus
2154 224 2234 270 hic,
2259 227 2325 274 qui

1438 276 1547 312 habet
1591 278 1749 326 quinque
1784 289 1899 325 panes
1926 274 2144 311 hordeaceos
2171 281 2202 310 et
2233 275 2323 310 duos

1436 330 1562 376 pisce-5.
1616 327 1692 362 Sed
1705 327 1793 362 haec
1809 325 1903 376 quid
1914 332 2000 361 sunt
2018 327 2112 361 inter
2128 329 2206 361 tot?

1388 387 1508 422 Dixit
1533 392 1653 421 autem
1674 385 1797 420 lesus:
1825 386 1954 422 Facite
1977 384 2142 420 homines
2166 383 2325 419 discum·
2366 386 2369 392 '

1439 438 1528 474 bere.

1575 437 1674 471 Erat
1707 442 1826 470 autem
1849 439 2005 486 foenum
2038 436 2194 471 multum
2225 436 2263 469 in
2288 448 2326 470 eo

1441 488 1528 522 Ioco.

1600 488 1877 522 Discubuerunt
1918 500 2003 534 ergo
2040 488 2128 528 viri,
2179 498 2327 520 numero

1441 540 1554 587 quasi
1566 533 1725 587 quinque
1740 538 1877 572 millia.
1927 538 2068 586 Accepit
2086 543 2205 572 autem
2221 536 2243 571 I
2247 549 2327 571 esus
2352 559 2354 562 v

1439 602 1570 637 panes,
1608 595 1637 623 et
1669 602 1747 623 cum
1776 589 1926 634 gratias
1954 589 2103 634 egisset,
2138 586 2328 622 distribuit

1443 639 1656 686 discipulis,
1694 638 1871 688 discipuli
1898 651 1979 673 vero
2009 637 2330 683 discumbentibus.

1442 689 1626 725 Similiter
1640 696 1670 725 et
1688 703 1733 724 ex
1749 689 1912 738 piscibus
1927 694 2108 737 quantum
2129 687 2306 724 colebant.

1390 748 1442 784 Ut
1459 754 1578 783 autem
1605 749 1748 792 impleti
1770 753 1875 787 sunt,
1905 747 1993 782 dicit
2017 746 2211 795 discipulis
2234 747 2330 783 suis:

1443 796 1618 846 Colligite
1641 811 1734 848 quae
1754 799 2013 847 superfuerunt
2025 798 2266 846 fragmenta,
2293 803 2331 832 ut

1446 862 1488 884 ne
1505 848 1744 898 quidpereat.
1798 847 2036 895 Collegerunt
2055 861 2139 895 ergo
2156 853 2186 882 et
2205 847 2332 895 imple-

1447 907 1571 934 verunt
1611 900 1796 935 duodecim
1831 898 2005 948 cophinos
2030 900 2333 948 fragmentorum
2376 917 2379 921 *

1445 963 1490 985 ex
1506 951 1662 1000 quinque
1675 951 1837 998 panibus
1854 948 2076 989 hordeaceis,
2103 962 2196 998 quae
2209 962 2334 997 super·

1440 1001 1598 1050 fuerant
1623 999 1684 1035 ln's
1700 1004 1766 1049 qui
1782 999 2109 1037 manducaverant.
2163 999 2237 1034 Illi
2251 1012 2335 1046 ergo

1447 1050 1634 1093 homines,
1663 1064 1741 1086 cum
1771 1051 1964 1093 vidissent,
1991 1050 2092 1099 quod
2119 1050 2251 1085 {iesus
2272 1051 2336 1099 fe·
2377 1074 2383 1077 -

1449 1108 1544 1137 cerat
1572 1104 1740 1149 signum,
1772 1101 1958 1136 dicebant:
1986 1102 2087 1149 Quia
2115 1099 2174 1136 hic
2192 1107 2241 1135 est
2261 1113 2336 1135 cere

1450 1153 1514 1187 ille
1532 1151 1733 1201 Propheta,
1759 1154 1826 1200 qui
1841 1158 2008 1187 venturus
2025 1157 2074 1186 est
2093 1154 2130 1185 in
2148 1150 2338 1186 mundum.

1448 1206 1524 1239 IEs
1537 1215 1588 1238 υς
1617 1217 1701 1249 ergo
1719 1216 1797 1237 cum
1817 1203 2052 1249 cognovisset,
2080 1202 2180 1251 quod
2197 1203 2339 1236 venturi

1451 1260 1586 1294 essent,
1621 1260 1650 1288 et
1676 1254 1822 1302 rapturi
1844 1255 1982 1300 ipsum,
2012 1258 2049 1287 ut
2066 1254 2234 1302 facerent
2261 1265 2339 1287 eum

1453 1318 1581 1352 regem,
1605 1305 1747 1339 secessit
1764 1306 1892 1339 iterum
1909 1305 1948 1338 in
1965 1310 2120 1338 montem
2137 1303 2210 1351 ipse
2225 1303 2341 1338 solus.

1505 1381 1531 1415 Ι.
1583 1381 1711 1421 Locus,
1734 1380 1940 1416 Consolatio
1958 1388 2078 1415 contra
2094 1393 2213 1414 curam
2230 1382 2343 1415 victus

1554 1439 1588 1465 et
1608 1432 1834 1465 defensionis.

1507 1481 1554 1514 ll.
1606 1482 1815 1526 Exemplum
1832 1485 1874 1515 de
1891 1482 2056 1525 praemiis
2075 1481 2310 1518 liberalitatis.

1507 1531 1571 1567 111.
1625 1532 1850 1576 Praeceptum
1869 1534 1911 1565 de
1925 1532 2155 1576 parsimonia:
2178 1531 2343 1576 Colligite

1557 1583 1743 1627 reliquias,
1772 1595 1816 1615 ne
1835 1590 1990 1626 pereant.

1507 1631 1588 1665 1111.
1643 1633 1843 1675 Atlegoria,
1885 1632 1974 1666 Cum
2008 1634 2168 1666 doctores
2199 1641 2345 1677 pascunt

1559 1681 1753 1716 Ecclesiam
1780 1684 1958 1723 docendo,
1987 1685 2178 1727 agitatione
2199 1684 2236 1718 fit
2262 1685 2345 1718 ittu-

1559 1734 1665 1766 strior
1691 1735 1867 1766 doctrina:
1904 1742 1936 1768 et
1961 1735 2132 1779 reliquiae
2159 1735 2366 1780 diligenter*

1563 1791 1594 1817 et
1613 1797 1691 1817 cum
1710 1785 1846 1817 delectu
1865 1788 2095 1818 asservandae
2113 1792 2204 1819 sunt.

1736 1884 1788 1907 De
1822 1884 1964 1914 primo.

1463 1941 1638 1977 lohannes
1670 1942 1826 1987 Baptista
1867 1944 2071 1978 interfectus
2108 1952 2155 1979 est
2193 1949 2347 1981 secundo

1359 2008 1453 2029 anno
1478 1995 1750 2038 praedicationis
1776 1993 1928 2032 Christi,
1962 2002 1995 2028 et
2021 2003 2096 2039 post
2121 2008 2240 2030 netem
2264 1999 2350 2038 eius,

1361 2059 1438 2081 cnm
1462 2045 1619 2078 Herodes
1643 2045 1745 2078 etiam
1774 2045 2000 2079 insidiaretur
2023 2044 2182 2085 Christo,
2211 2050 2349 2083 secessit

1362 2093 1798 2142 aliquantispeerristnS.
1837 2094 1875 2128 ln
1896 2093 1961 2129 boc
1978 2108 2129 2137 secessu,
2157 2110 2236 2131 cnm
2255 2097 2349 2133 baud
2393 2087 2399 2092 ι

1362 2148 1469 2182 dubie
1490 2145 1653 2190 Apostoli
1685 2147 1845 2179 viderent
1877 2158 1974 2179 snam
1998 2147 2104 2182 vitam
2129 2149 2166 2182 in
2192 2150 2350 2193 periculo

1363 2211 1456 2237 esse,
1489 2210 1527 2231 ac
1558 2204 1753 2230 metuerent
1777 2197 1831 2229 vel
1856 2198 2048 2242 supplicia,
2082 2199 2136 2232 vel
2158 2201 2281 2239 exilia,
2317 2207 2350 2235 et

1364 2251 1504 2283 samem:
1547 2246 1603 2281 bic
1636 2246 1797 2281 (hristus
1834 2249 1976 2281 moestis
2008 2250 2163 2284 ostendit
2194 2251 2350 2296 aliquam

1365 2299 1661 2335 consolationem,
1690 2306 1726 2332 nt
1750 2311 1851 2342 saepe
1876 2299 1910 2333 fit
1932 2299 1967 2331 in
1985 2299 2156 2339 Ecclesia,
2183 2308 2215 2334 et
2235 2313 2352 2335 exem-

1366 2352 1464 2396 plum
1496 2350 1663 2394 proponit
1693 2347 1800 2382 lunius
1823 2350 1978 2391 regulae:
2014 2349 2173 2384 Primnm
2196 2354 2354 2397 quaerite

1367 2414 1513 2445 regnum
1532 2401 1618 2440 Dei,
1647 2408 1679 2434 et
1704 2407 1836 2434 caetera
1853 2401 2065 2434 adiicientnr
2083 2403 2192 2436 vobis.

1368 2453 1484 2487 Pio-tas
1503 2450 1606 2485 habet
1626 2451 1874 2495 promissiones
1893 2453 2083 2494 praesentis
2098 2453 2189 2487 vitae
2205 2460 2236 2487 et
2257 2455 2354 2488 tntu-

1369 2517 1437 2537 rae.
1484 2502 1588 2542 ltem,
1615 2501 1743 2535 Psalmi
1761 2502 1898 2534 dicunt:
1927 2501 2005 2535 Non
2024 2511 2074 2537 est
2090 2504 2209 2549 inopia
2224 2504 2352 2538 timen-

1370 2556 1462 2587 tibns
1493 2566 1584 2587 enm.

1372 2605 1456 2639 x'ntt
1480 2616 1545 2638 nos
1564 2604 1660 2638 Deus
1682 2603 1833 2646 primum
1857 2616 2022 2648 quaerere
2046 2616 2191 2648 regnum
2209 2605 2292 2644 Dei.
2318 2607 2353 2639 id

1371 2663 1440 2696 cst.
1468 2654 1663 2690 doctrinam
1688 2655 1889 2695 coelestem,
1918 2662 1950 2689 et
1974 2653 2055 2689 huic
2074 2656 2237 2699 obedire,
2266 2665 2297 2691 et
2317 2658 2352 2691 in

2250 2402 2352 2437 ltem:

1654 2551 1755 2585 ltem:
1791 2552 2055 2587 Saturabnntur
2087 2554 2122 2587 in
2156 2555 2213 2588 die
2243 2556 2353 2590 samis.
