2409 2915
139 83 211 120 417
684 81 765 117 ΧΠ.

127 173 294 208 servator,
322 179 399 201 cum
411 166 503 201 Filio
518 173 578 200 tuo
591 173 787 208 coaeterno,
812 167 970 202 Domino
988 176 1107 203 nostro

126 217 204 251 Iesu
215 215 368 259 Christo,
396 225 427 251 et
441 216 574 261 Spiritu
591 223 709 250 sancto
729 224 803 257 tuo,
827 218 975 262 sapiens,
1004 220 1107 257 bone,

126 268 343 306 misericors,
372 268 473 301 iudex
497 273 529 300 et
552 267 671 307 fortis,
699 268 861 301 miserere
878 269 945 301 mei
965 277 1108 314 propter

126 317 242 351 Iesum
268 316 445 353 Christum
463 316 593 350 Filium
616 323 735 356 tuum,
763 330 866 363 quem
883 320 1024 354 voluisti
1043 333 1104 364 pro

124 369 228 402 nobis
243 379 314 402 esse
330 367 517 410 victimam,
541 367 770 401 mediatorem
787 376 819 402 et
834 369 1105 413 deprecatorem,

124 418 317 459 sanctifica,
353 429 450 461 rege,
485 418 587 460 doce,
618 417 697 451 iuva
731 430 785 452 me
816 419 951 463 Spiritu
984 429 1103 455 sancto

123 476 203 509 tuo,
237 480 332 501 serva
361 474 395 502 et
423 479 502 511 rege
525 466 717 501 Ecclesiam
741 475 856 511 tuam,
894 477 926 505 et
951 472 1103 516 politias,

122 530 210 564 quae
227 519 394 561 praebent
411 516 561 562 hospitia
579 517 756 553 Ecclesiis.

222 567 297 602 Hac
314 569 425 602 forma
443 569 680 613 complecteris
697 576 766 602 tres
780 582 958 614 personaS,
987 573 1100 616 primo

122 618 225 652 simul
257 619 294 651 in
325 619 516 660 creatione,
561 619 641 664 quia
673 620 801 653 creatio
834 628 883 655 est
916 635 1101 656 commune

120 679 226 713 opus,
254 676 287 703 et
309 670 452 703 invocas
474 682 580 703 uuam
605 670 701 702 illam
727 672 909 704 essentiam
929 674 1098 707 conditri-

118 730 191 752 cem
216 731 354 761 rerum,
381 720 469 754 sicut
492 732 528 753 se
550 721 720 763 patefecit.
774 719 910 755 Deinde
934 725 1099 757 admones

117 767 232 803 Deum
261 782 402 803 suarum
428 771 700 814 promissionum
726 772 768 804 de
792 771 884 805 Filio
907 773 1098 814 incarnato,

119 825 152 853 et
175 820 264 864 petis
283 819 409 854 fiducia
429 820 531 864 Filii,
560 822 661 867 eique
679 822 804 854 tribuis
821 825 1002 867 proprium
1019 836 1096 856 mu-

116 881 202 911 nus,
228 872 319 916 quod
347 871 555 905 constitutus
579 872 623 906 sit
646 873 834 913 mediator,
861 881 892 907 et
916 874 1022 908 fuerit
1045 874 1097 906 vi-

116 919 233 955 ctima.
287 920 409 955 Tertio
435 922 560 956 tribuis
577 921 724 966 Spiritui
752 930 870 957 sancto
893 936 994 958 suum
1020 937 1097 958 mu-

115 982 200 1010 nuS‚
226 973 318 1016 quod
347 985 409 1016 per
431 984 510 1005 eum
537 984 713 1015 regamur,
740 974 827 1007 sicut
847 975 1012 1018 scriptum
1030 982 1095 1008 est:

115 1020 306 1055 Effundam
322 1023 365 1055 de
383 1022 465 1055 Meo
484 1023 608 1066 spiritu
624 1035 727 1067 super
743 1036 882 1056 omnem
904 1037 1054 1060 carnem.

217 1071 275 1106 Sic
289 1073 325 1105 in
343 1073 563 1106 invocatione
578 1080 777 1106 exerceatur
792 1075 948 1107 doctrina
962 1077 1004 1108 de
1016 1088 1094 1119 per-

114 1123 229 1162 sonis,
255 1129 286 1156 et
303 1123 500 1166 cogitentur
516 1123 717 1156 discrimina
737 1136 839 1167 penes
855 1124 979 1165 officia,
1007 1126 1096 1159 sicut

113 1174 286 1207 revelatae
302 1180 384 1206 sunt
399 1185 577 1216 personae.
616 1173 813 1207 Teneamus
828 1181 942 1207 autem
956 1182 987 1208 et
1000 1188 1094 1209 com·

112 1235 256 1256 munem
283 1224 497 1263 doctrinam,
525 1224 617 1268 quod
643 1224 686 1257 sit
708 1236 778 1257 una
803 1226 949 1258 essentia
974 1226 1094 1258 diviua

113 1274 220 1307 trium
238 1285 476 1317 personarum.
517 1272 648 1318 Estque
665 1286 812 1317 persona
829 1276 1021 1308 substantia
1038 1277 1094 1308 in-

112 1323 292 1366 telligens,
326 1323 527 1363 individua,
561 1324 914 1357 incommunicabilis.
976 1324 1093 1358 Prima

112 1380 163 1407 est
188 1380 303 1417 pater,
328 1374 388 1417 qui
414 1380 462 1406 est
485 1373 677 1407 substantia
696 1380 854 1413 aeterna,
883 1374 1093 1418 intelligens,

111 1424 204 1458 bona
229 1431 262 1457 et
285 1424 525 1467 omnipotens,
553 1436 642 1468 quae
663 1424 804 1457 intuens
819 1431 850 1457 et
868 1425 1022 1468 cogitans
1039 1437 1093 1459 se-

106 1485 166 1513 .se,
193 1474 305 1518 gignit
327 1475 370 1507 ab
394 1481 534 1507 aeterno
558 1474 746 1516 imaginem
764 1475 817 1508 sni
836 1476 878 1507 de
894 1487 955 1508 sua
976 1488 1093 1509 essen-

108 1525 170 1559 tia.
222 1523 318 1558 Haec
341 1525 555 1568 proprietas,
588 1525 736 1566 scilicet,
769 1526 928 1569 gignere,
960 1527 1091 1560 discer-

106 1575 160 1610 nit
179 1582 311 1620 patrem
330 1587 348 1608 a
364 1574 467 1608 Filio.

211 1625 371 1659 Secunda
403 1637 551 1668 persona
580 1632 630 1659 est
652 1624 784 1665 Filius,
819 1626 880 1670 qui
904 1633 953 1659 est
976 1626 1090 1669 imago

106 1676 234 1722 patris,
261 1676 304 1709 ab
321 1682 461 1708 aeterno
478 1677 592 1718 genita
611 1677 653 1708 de
668 1676 814 1708 essentia
831 1676 956 1719 patris,
987 1684 1018 1709 et
1036 1677 1090 1709 di-

107 1728 198 1761 citur
214 1722 338 1773 λόγος,
366 1726 459 1770 quod
477 1727 520 1759 sit
536 1726 581 1759 ita
596 1734 711 1763 natus,
738 1733 776 1760 ut
791 1738 831 1759 ex
848 1734 962 1759 mente
977 1727 1089 1760 nasci-

107 1785 166 1812 tur
190 1777 353 1820 cogitatio
379 1787 438 1809 seu
463 1787 588 1809 sermo.
642 1776 731 1809 Nam
755 1783 788 1810 et
812 1776 976 1819 cogitatio
1003 1788 1089 1822 qua·

107 1829 291 1872 liscunque
316 1827 430 1870 imago
456 1833 505 1860 est
529 1827 697 1869 cogitatae
719 1827 784 1861 rei.
851 1826 923 1860 Nec
946 1834 1026 1861 sunt
1052 1828 1087 1860 in

108 1878 276 1914 creaturis
299 1877 473 1921 exempla,
505 1889 594 1922 quae
617 1877 761 1921 propius
785 1877 974 1921 depingant
998 1875 1088 1911 hanc

107 1929 301 1963 mirandam
325 1927 605 1971 generationem,
639 1940 743 1973 quam
767 1925 851 1961 haec
874 1929 960 1961 duo:
989 1940 1088 1961 mens

105 1979 352 2023 cogitationem
383 1979 548 2022 gignens,
592 1985 625 2012 et
654 1979 714 2012 lux
744 1989 909 2023 spargens
938 1979 1086 2014 radium.

104 2030 188 2065 Ideo
213 2029 367 2073 Epistola
399 2031 441 2062 ad
464 2027 619 2062 Ebraeos
651 2035 751 2063 vocat
773 2029 944 2072 fulgorem
970 2036 1086 2073 pater-

104 2092 170 2113 nae
198 2080 298 2113 lucis.
358 2079 427 2113 Sed
461 2086 578 2114 tamen
600 2092 673 2113 non
698 2080 844 2113 omnino
870 2080 1085 2113 conveniunt

106 2129 171 2164 hae
194 2130 456 2163 similitudines.
509 2129 635 2163 Nostra
659 2130 822 2173 cogitatio
847 2142 919 2163 non
939 2137 987 2164 est
1004 2141 1083 2174 per—

106 2192 212 2221 sona,
238 2192 301 2213 nec
327 2187 377 2214 est
400 2181 639 2213 substantialis
664 2181 788 2224 imago.
842 2179 889 2214 At
906 2179 1083 2226 Filius-est

107 2231 346 2266 substantialis
363 2231 474 2273 imago
492 2230 622 2264 aeterni
638 2231 756 2274 patris,
783 2237 815 2264 et
830 2231 917 2265 sicut
934 2231 969 2263 in
980 2230 1084 2275 Sym-

105 2282 189 2316 bolo
220 2281 365 2315 dicitur:
401 2280 496 2314 Deus
525 2282 567 2313 de
590 2279 683 2319 Deo,
719 2282 838 2315 lumen
870 2282 912 2313 de
939 2281 1083 2316 lumine.

104 2331 152 2367 Et
167 2333 262 2378 quod
278 2332 322 2366 sit
339 2332 404 2365 alia
423 2343 569 2375 persona
584 2343 602 2364 a
620 2338 734 2375 patre,
763 2332 844 2364 inde
860 2331 1082 2364 manifestum

105 2391 172 2424 est,
198 2383 279 2428 quia
295 2380 379 2416 haec
395 2383 508 2426 imago
525 2382 632 2426 patris
648 2382 809 2415 assumsit
825 2389 941 2425 postea
959 2379 1083 2415 huma-

105 2445 185 2467 nam
209 2440 388 2473 naturam,
417 2445 520 2478 quam
546 2445 617 2466 non
640 2432 803 2466 assumsit
824 2438 933 2476 pater.
993 2431 1081 2466 Cum

105 2483 212 2528 igitur
234 2495 269 2517 se
284 2483 379 2517 Deus
402 2484 449 2517 ita
469 2482 688 2528 patefecerit.
715 2483 808 2529 quod
834 2489 931 2526 pater
953 2489 985 2516 et
1000 2479 1082 2516 haec

104 2532 218 2577 imago
231 2535 302 2568 sint
316 2534 498 2568 distinctae
512 2545 690 2578 personae,
715 2535 895 2568 credamus
905 2533 982 2567 Deo
1000 2530 1082 2567 haec

108 2585 297 2627 revelanti,
323 2591 356 2618 et
378 2592 533 2628 patrem,
560 2597 638 2619 cum
661 2583 724 2618 hac
741 2596 801 2619 sua
818 2584 968 2627 imagine
984 2596 1081 2618 coae-

108 2638 223 2677 terna,
248 2642 282 2670 et
298 2635 403 2670 simul
420 2636 591 2670 condente
608 2647 680 2673 res,
708 2635 921 2670 invocemus.

156 2686 329 2719 Mnus-ru.
359 2689 460 2720 Oeta.
485 2688 567 2719 Vot..
597 2687 688 2719 XIV.

817 80 1209 118 ANNOTATIONES
1237 82 1288 116 IN
1316 83 1612 120 EVANGELIA.

2072 91 2144 125 418

1262 166 1357 202 Haec
1370 167 1545 203 lohannes
1562 171 1653 204 clare
1671 173 1836 215 expressit
1854 173 1889 206 in
1907 174 2048 208 exordio
2065 186 2139 215 suo,

1160 217 1221 251 ubi
1240 218 1342 252 dicit:
1370 215 1499 266 Λόγον
1512 247 1520 259 ,
1548 222 1606 265 qui
1625 229 1673 256 est
1686 221 1815 262 Filius,
1843 224 1947 257 fuisse
1963 225 2005 258 ab
2024 225 2138 265 initio,

1159 274 1192 301 et
1215 279 1276 311 per
1297 281 1374 302 eum
1393 271 1510 302 omnia
1528 272 1667 304 condita
1685 284 1765 307 esse.
1821 273 1907 308 Cum
1924 282 2021 318 pater
2037 276 2135 321 quasi

1157 318 1325 351 deliberat
1359 332 1435 352 cum
1461 319 1574 358 Filio,
1611 321 1716 363 fulget
1747 323 1781 355 iu
1807 323 1898 357 Filio
1924 325 1998 358 idea
2021 326 2135 369 operis

1157 369 1370 408 fabricandi,
1397 370 1484 403 sicut
1509 370 1544 402 in
1571 372 1744 404 creatione
1770 371 1924 407 hominis
1944 373 2027 409 haec
2045 376 2134 408 deli-

1156 419 1288 452 beratio
1314 420 1536 454 describitur:
1573 419 1755 454 Faciamus
1778 421 1953 456 hominem
1978 428 2019 459 ad
2046 426 2133 458 ima-

1155 469 1268 512 ginem
1294 477 1460 505 nostram.
1512 470 1607 504 Haec
1632 483 1775 505 arcarna
1795 473 1853 506 lux
1873 476 2028 508 nondum
2048 489 2132 509 con-

1154 519 1308 563 spicitur,
1338 522 1393 553 sed
1413 521 1610 565 aspicienda
1628 522 1692 555 erit
1707 523 1743 555 in
1761 523 1828 556 vita
1846 531 1993 559 aeterna.
2030 525 2132 559 Nunc

1153 582 1217 604 nos
1243 571 1286 603 de
1310 570 1401 604 Filio
1429 572 1638 618 cogitantes,
1667 573 1866 607 intueamur
1891 586 1968 608 eum
1993 573 2130 608 exhibi-

1153 627 1227 654 tum
1249 621 1369 661 nobis,
1404 630 1553 656 assumta
1579 620 1729 655 humana
1755 630 1898 668 natura,
1925 626 2130 668 praedican-

1152 678 1242 709 tem,
1271 683 1429 714 passum,
1458 673 1718 713 resuscitatum,
1746 681 1892 707 stantem
1917 675 1951 707 in
1969 675 2129 714 iordane,

1151 723 1391 755 ascendentem
1413 722 1447 754 in
1469 723 1603 755 coelum
1617 747 1626 760 ,
1654 730 1685 756 et
1703 725 1746 756 de
1765 724 1873 766 ipsius
1891 727 2033 768 proprio
2051 739 2129 759 mu-

1150 784 1232 804 nere
1249 773 1439 816 cogitemus
1451 799 1458 813 ‚
1487 774 1579 817 quod
1599 773 1760 806 mirando
1778 773 1842 806 Dei
1859 776 2004 809 consilio
2019 776 2129 810 factus

1149 823 1194 855 sit
1222 834 1285 865 pro
1310 823 1411 855 nobis
1428 825 1649 867 deprecator,
1675 830 1708 857 et
1726 824 1864 858 victima
1883 826 2022 868 placans
2040 827 2128 860 iram

1149 871 1227 906 Dei.
1281 871 1326 906 Et
1349 873 1393 906 sit
1418 872 1646 912 Emmanuel,
1673 874 1764 907 inter
1789 886 1849 907 vos
1874 882 2046 916 versatus,
2074 889 2128 909 re—

1149 934 1259 965 gnans
1276 923 1367 957 inter
1381 935 1444 957 nos
1456 949 1464 962 ,
1493 924 1571 957 ideo
1587 922 1762 958 exhibitus
1778 925 1899 964 nobis,
1927 933 1965 960 ut
1982 938 2045 960 nos
2063 928 2128 959 mi-

1149 985 1242 1006 seros
1258 981 1351 1016 regat
1367 981 1400 1007 et
1416 981 1538 1009 servet.
1593 973 1745 1019 Ideoque
1761 981 1842 1008 ante
1857 983 2042 1010 assumtam
2061 975 2128 1011 hu-

1149 1036 1287 1057 manam
1323 1031 1501 1065 naturam,
1537 1026 1796 1058 secernendum
1829 1027 1990 1070 praebuit
2017 1028 2127 1071 patri-

1149 1075 1232 1113 bus,
1260 1081 1297 1107 ut
1316 1073 1474 1115 Danieli,
1500 1082 1532 1109 et
1547 1075 1642 1115 aliis,
1669 1082 1730 1111 etc.

1251 1124 1425 1167 Alligetur
1454 1136 1534 1167 ergo
1565 1125 1727 1168 cogitatio
1754 1133 1872 1159 nostra
1898 1127 1940 1160 de
1965 1126 2057 1160 Filio
2082 1130 2126 1161 ad

1148 1170 1348 1213 Christum,
1375 1175 1435 1219 qui
1459 1187 1493 1208 se
1516 1176 1695 1219 patefecit,
1723 1183 1755 1210 et
1771 1177 1953 1210 nobiscum
1971 1185 2126 1212 versatus

1148 1231 1215 1261 est,
1248 1225 1449 1265 crucifixus,
1485 1226 1708 1259 resuscitatus
1739 1233 1807 1266 est,
1842 1233 1873 1260 et
1901 1229 2056 1262 ascendit
2088 1229 2125 1262 in

1147 1274 1301 1314 coelum,
1336 1281 1369 1308 et
1399 1276 1552 1309 ostendit
1578 1287 1612 1309 se
1637 1273 1836 1320 Stephano,
1871 1285 1903 1312 et
1926 1279 2013 1311 aliis.
2074 1278 2126 1312 Ac

1147 1324 1295 1357 sciamus
1319 1325 1396 1358 ideo
1419 1326 1601 1358 nobiscum
1621 1333 1794 1359 versatum
1813 1339 1904 1368 esse,
1931 1335 1969 1362 ut
1985 1335 2126 1363 testare-

1146 1380 1205 1406 tur
1227 1385 1261 1406 se
1286 1386 1420 1418 semper
1443 1387 1564 1408 curare
1587 1382 1618 1409 et
1635 1377 1798 1409 exaudire
1816 1377 2027 1411 invocantes.
2079 1377 2125 1412 Et

1146 1424 1226 1468 quia
1253 1422 1418 1468 Philippo
1451 1426 1683 1469 interroganti
1709 1428 1752 1459 de
1777 1434 1893 1469 patre,
1927 1430 2125 1472 respondit:

1146 1474 1218 1516 Qui
1245 1475 1338 1508 videt
1361 1488 1434 1520 me,
1465 1476 1557 1509 videt
1581 1483 1731 1520 patrem:
1760 1490 1836 1511 cum
1857 1479 1899 1510 de
1917 1486 2014 1525 patre
2031 1481 2125 1523 cogi-

1145 1531 1277 1565 tamus,
1311 1526 1464 1569 primum
1499 1524 1593 1560 hunc
1617 1526 1747 1560 Filium
1776 1529 1984 1571 patefactum
2011 1538 2125 1564 mente

1144 1575 1365 1614 intueamur,
1401 1583 1434 1610 et
1462 1574 1557 1610 hunc
1580 1584 1714 1620 patrem
1740 1578 1962 1618 invocemm,
1998 1581 2059 1624 qui
2082 1582 2125 1613 de

1144 1637 1184 1657 eo
1210 1625 1321 1659 edidit
1346 1624 1436 1659 hanc
1460 1639 1598 1667 vocem,
1626 1626 1731 1660 Hunc
1745 1629 1873 1663 audite.
1925 1628 1970 1663 Et
1989 1641 2124 1674 semper

1143 1675 1248 1707 simul
1273 1677 1463 1719 cogitemus
1485 1677 1528 1709 de
1546 1677 1617 1720 ipsa
1635 1678 1882 1720 patefactione,
1908 1691 1978 1712 non
1995 1680 2122 1714 frustra

1142 1724 1255 1757 Deum
1280 1737 1314 1758 se
1338 1726 1547 1767 ostendisse,
1574 1734 1606 1760 et
1630 1727 1851 1762 familiariter
1868 1741 1945 1762 cum
1966 1728 2123 1764 homini-

1142 1775 1207 1808 bus
1231 1776 1442 1810 collocutum
1469 1788 1559 1818 esse,
1586 1779 1643 1811 sed
1670 1785 1762 1811 certo
1785 1785 1946 1813 testatum
1971 1791 2041 1814 esse
2057 1779 2121 1815 hac

1141 1826 1213 1869 ipsa
1235 1837 1292 1864 re,
1320 1828 1413 1871 quod
1437 1839 1518 1860 vere
1545 1839 1609 1860 nos
1631 1834 1739 1863 curet.
1791 1828 1863 1862 Nec
1881 1830 1951 1863 ulla
1970 1837 2019 1864 est
2039 1832 2120 1865 illu-

1141 1876 1246 1910 strior
1276 1877 1493 1910 confirmatio
1526 1879 1690 1910 adversus
1721 1879 1900 1922 epicureos
1931 1887 1963 1914 et
1995 1883 2119 1915 acade-

1141 1926 1248 1959 micos
1269 1927 1423 1967 furores,
1450 1939 1554 1973 quam
1578 1925 1662 1961 haec
1686 1928 1759 1971 ipsa
1783 1930 1944 1972 cogitatio
1962 1932 2004 1964 de
2023 1939 2119 1976 pate-

1139 1977 1290 2010 factione
1315 1984 1347 2010 et
1372 1978 1569 2016 miraculis,
1598 1990 1686 2023 quae
1709 1981 1826 2013 omnia
1850 1981 1994 2016 suerunt
2019 1983 2117 2025 prin-

1139 2027 1298 2071 cipaliter
1315 2027 1512 2061 testimonia
1530 2029 1783 2073 patefactionis.
1836 2030 1983 2073 Quoties
2000 2040 2116 2066 autem

1138 2078 1186 2111 sic
1207 2079 1248 2111 de
1266 2077 1358 2110 Filio
1383 2079 1591 2122 cogitamus,
1617 2079 1722 2112 simul
1747 2081 1864 2115 veniat
1888 2082 1923 2114 in
1950 2090 2116 2124 mentem,

1137 2129 1230 2173 quod
1248 2128 1417 2162 mediator
1433 2129 1496 2167 sit,
1524 2137 1557 2162 et
1574 2129 1780 2164 intercessor
1795 2144 1857 2175 pro
1875 2132 1993 2173 nobis,
2020 2135 2113 2178 quod

1137 2185 1279 2223 propter
1296 2178 1408 2221 ipsum
1427 2179 1664 2213 exaudiamur.

1239 2227 1357 2263 Tertia
1384 2242 1530 2272 persona
1555 2237 1603 2263 est
1620 2230 1772 2274 Spiritus
1796 2237 1954 2272 sanctus,
1980 2233 2041 2278 qui
2063 2242 2113 2269 est

1136 2279 1296 2323 agitator,
1324 2282 1515 2324 procedens
1533 2293 1551 2314 a
1567 2280 1669 2314 Patre
1685 2288 1716 2314 et
1726 2280 1829 2319 Filio,
1857 2282 2010 2316 eiusdem
2029 2285 2111 2317 sub-

1135 2330 1299 2371 stantiae,
1333 2343 1395 2375 per
1418 2343 1520 2376 quem
1544 2331 1580 2363 in
1605 2331 1781 2365 mentibus
1805 2340 2005 2367 sanctorum
2027 2335 2110 2367 novi

1135 2388 1250 2415 motus
1275 2381 1448 2425 placentes
1463 2381 1537 2414 Deo
1560 2381 1770 2423 excitantur,
1797 2390 1830 2416 et
1844 2394 1905 2426 per
1921 2396 2024 2428 quem
2042 2382 2111 2418 Ec-

1135 2431 1238 2465 clesia
1269 2432 1357 2466 vivit
1390 2433 1460 2466 vita
1485 2439 1636 2465 aeterna.
1702 2432 1755 2465 Ac
1777 2433 1916 2476 proprie
1943 2434 2110 2469 tribuitur

1135 2481 1282 2525 Spiritui
1311 2489 1428 2517 sancto
1460 2483 1669 2516 vocabulum
1700 2482 1911 2523 Procedere,
1945 2486 2038 2528 quod
2070 2493 2108 2519 ut

1134 2533 1252 2577 aliquo
1281 2534 1386 2566 modo
1411 2533 1622 2573 declaretur,
1656 2533 1743 2566 sicut
1767 2544 1868 2576 supra
1892 2534 1934 2566 de
1958 2534 2109 2578 imagine

1134 2583 1367 2628 quaesivimus
1384 2584 1624 2629 qualecunque
1638 2583 1851 2626 exemplum,
1879 2583 1914 2616 in
1932 2584 2108 2620 intellectu

1133 2631 1304 2668 hominis:
1333 2634 1380 2668 ita
1403 2635 1470 2668 iam
1495 2635 1694 2668 intueamur
1716 2633 1929 2668 voluntatem
1946 2632 2108 2678 hominis,

1580 2683 1629 2716 27
