2409 2915
248 100 322 136 767

248 187 363 220 vimus
379 179 586 216 huiusmodi
611 177 863 222 impostorem,
889 173 1077 210 Nicolaum
1098 172 1240 215 Storch,

251 249 312 271 seu
344 234 550 275 Pelargum,
595 235 754 262 autorem
796 233 908 261 sectae
940 227 1241 271 Anabaptisticae‚

251 287 339 320 falso
365 283 593 328 gloriantem,
622 279 690 312 sibi
714 278 915 323 apparuisse
929 275 1085 321 Angelos
1107 276 1241 310 visibili

251 335 384 381 specie,
417 333 479 379 qui
503 330 684 365 vaticinati
710 335 841 370 essent,
868 329 983 372 ipsum
1006 329 1080 362 fore
1107 328 1241 361 instau-

252 394 405 421 ratorem
423 396 461 417 ac
478 384 744 416 reformatorem
761 378 1010 415 Ecclesiarum.
1067 377 1244 418 Addebat,

253 435 538 481 repurgationem
574 432 755 465 doctrinae
790 442 809 462 a
846 426 1004 463 Luthero
1045 429 1242 462 institutam

254 488 417 522 nondum
434 491 632 530 penetrasse
650 483 692 515 ad
712 481 810 514 vivos
827 481 961 522 fontes,
997 493 1061 514 nec
1085 492 1125 513 ex
1151 479 1244 512 veris

255 536 495 573 fundamentis
510 539 719 568 exstructam
736 543 826 564 esse:
848 531 937 566 sicut
952 529 1020 565 hoc
1036 531 1140 565 etiam
1156 537 1246 564 tem—

255 601 343 634 pore
361 587 465 622 multi
482 586 632 619 clamose
649 595 688 617 ac
705 582 922 617 tumultuose
938 583 1170 616 contendunt.

359 655 428 689 Hic
451 650 698 692 Enthusiasta,
732 649 898 684 Nicotaus
923 648 1070 688 Storch,
1105 649 1247 683 tandem

257 706 404 743 Monaci
427 705 466 738 in
487 702 677 751 hospitali,
718 712 779 734 seu
803 701 1008 735 nosocomio
1035 700 1250 734 miserabili-

258 767 311 793 ter
328 763 488 791 mortuus
510 760 572 789 est.
632 751 759 786 Infelix
784 764 867 785 vero
891 752 1084 795 discipulus
1101 750 1250 791 Nicolai,

259 807 419 844 Thomas
436 803 678 844 Monetarius,
705 802 903 836 concitabat
919 802 956 835 in
974 800 1174 845 Thuringia
1196 813 1250 835 se—

260 860 435 894 ditionem
458 855 690 895 rusticorum,
725 859 870 901 propter
890 853 985 897 quod
1009 853 1121 885 scelus
1138 852 1252 896 capite

263 909 458 945 cervicibus
473 905 624 940 abscisso
642 904 854 951 supplicium
870 903 1089 946 magistratui
1108 903 1226 938 solvit.

367 976 516 1012 Sanctus
533 973 664 1007 Paulus
681 972 723 1005 ad
742 969 968 1005 Colossenses
983 972 1094 1015 capite
1105 973 1139 1006 2.
1155 971 1253 1005 iubet

263 1039 405 1068 cavere,
431 1038 476 1059 ne
497 1023 715 1068 decipiamur
740 1020 794 1054 his
817 1022 992 1062 artificiis,
1018 1034 1059 1056 ac
1079 1023 1252 1066 impostu-

263 1081 312 1114 ris
333 1076 614 1124 hypocritarum,
656 1072 862 1107 iactantium
895 1072 1089 1116 singulares
1117 1073 1252 1105 revela-

264 1131 400 1167 tiones,
427 1125 620 1172 peculiares
643 1123 945 1164 illuminationes,
979 1130 1012 1156 et
1035 1123 1174 1157 afflatus
1197 1123 1252 1156 di-

263 1181 367 1214 vinos
384 1179 420 1211 in
437 1176 623 1211 movendis
639 1186 711 1207 non
729 1174 942 1207 necessariis.
994 1172 1063 1208 Sed
1087 1181 1182 1207 tanta
1204 1180 1254 1207 est

263 1230 452 1266 hominum
478 1226 661 1261 curiositas
684 1231 789 1269 atque
814 1224 1045 1268 perversitas,
1085 1232 1125 1259 ut
1150 1236 1254 1267 vaga·

264 1281 396 1316 bundis
414 1278 544 1313 animis
561 1277 863 1320 circumspectent,
881 1287 920 1308 ac
937 1276 1137 1309 desiderent
1155 1287 1255 1319 prae-

265 1332 385 1375 stigias
417 1336 576 1373 gestuum
601 1324 967 1366 Enthusiasticorum‚
1007 1327 1050 1359 de
1082 1326 1255 1360 industria

266 1382 534 1421 simulatorum,
562 1385 595 1411 et
618 1377 719 1410 facile
737 1377 839 1409 fidem
865 1374 1037 1417 habeant,
1064 1383 1168 1421 atque
1193 1388 1255 1409 vo-

266 1434 379 1467 lentes
401 1430 469 1464 sibi
494 1429 613 1461 fucum
637 1427 710 1460 fieri
735 1427 916 1471 patiantur
938 1426 1110 1460 eiusmodi
1141 1426 1256 1460 mani-

267 1483 364 1518 festis
380 1479 585 1515 mendaciis.

372 1541 494 1574 Altera
516 1537 618 1581 pellis
635 1532 1048 1578 pseudoprophetarum,
1075 1546 1144 1579 qua
1162 1535 1259 1569 velut

269 1592 391 1627 ovium
416 1588 512 1621 villis
527 1586 707 1629 [contextis
735 1585 854 1618 vestiri
879 1585 1014 1625 solent,
1052 1592 1102 1618 est
1136 1583 1257 1629 sophi-

268 1643 374 1680 stica,
399 1637 615 1673 calumniose
634 1637 764 1676 citans,
790 1641 823 1668 et
841 1635 1014 1668 violenter
1036 1636 1260 1680 detorquens,

269 1693 325 1727 vel
343 1692 434 1725 dicta
451 1689 656 1733 scripturae,
674 1686 729 1719 vel
746 1685 902 1730 exempla
919 1693 1088 1719 veterum.
1124 1685 1259 1729 Quem-

270 1742 464 1779 admodum
480 1739 596 1773 insani
613 1734 783 1772 Monachi
809 1744 1015 1780 praetexunt
1042 1737 1114 1770 suis
1137 1737 1258 1770 obser—

271 1792 476 1828 vationibus
514 1788 765 1834 superstitiosis
801 1788 958 1832 exempla
995 1787 1067 1821 divi
1100 1788 1261 1829 Antonii,

272 1842 492 1882 Hilarionis,
527 1847 560 1874 et
585 1840 735 1873 aliorum
760 1836 1010 1873 Eremitarum.
1066 1837 1152 1872 Item
1176 1839 1259 1872 alle-

272 1902 357 1939 gant
379 1893 513 1927 dictum
536 1888 671 1925 Christi
692 1886 820 1922 Matth.
841 1888 896 1922 19.
924 1889 1040 1933 inepte
1065 1890 1260 1923 detortum:

274 1947 313 1981 Si
331 1945 383 1977 vis
402 1943 574 1988 perfectus
591 1952 681 1981 esse,
708 1940 815 1979 vade,
842 1940 954 1972 vende
973 1951 1060 1984 quae
1078 1937 1202 1980 habes,
1228 1947 1261 1974 et

274 1998 319 2031 da
336 1993 567 2040 pauperibus,
593 2003 631 2024 ac
655 2001 797 2035 sequere
813 2001 880 2023 me.
932 1988 983 2023 Ac
1001 1997 1137 2024 constat
1152 1991 1259 2023 usita-

274 2047 450 2082 tissimum
467 2055 539 2076 esse
555 2042 590 2075 in
610 2041 772 2085 plurimis
788 2040 937 2083 negotiis
952 2047 984 2074 et
1003 2042 1262 2083 controversiis,

272 2105 314 2132 ut
332 2097 540 2140 impostores
556 2093 651 2126 varie
668 2092 790 2125 ludant
809 2091 958 2125 citandis
976 2091 1078 2125 dictis
1102 2093 1260 2140 imperti-

273 2147 462 2185 uentibus,
489 2151 522 2177 et
538 2143 706 2190 exemplis
721 2142 845 2175 alienis
858 2154 895 2175 ac
914 2143 1261 2177 inconvenientibus:

275 2211 347 2245 quo
375 2197 517 2243 quidem
538 2200 734 2238 praetextu,
764 2200 794 2226 et
815 2193 961 2226 artificio
981 2195 1083 2227 multi
1101 2192 1262 2228 homiues

275 2249 411 2292 decepti
438 2245 664 2280 abducuntur
689 2256 707 2277 a
727 2256 827 2284 vcro,
854 2251 887 2277 et
910 2245 1070 2277 maximis
1085 2246 1263 2279 erroribus

278 2300 518 2344 implicantur.
575 2296 834 2334 Veruntamen,
862 2295 889 2328 si
910 2295 988 2340 quis
1014 2302 1104 2329 recte
1129 2297 1263 2336 didicit,

278 2349 463 2393 intelligit,
496 2359 533 2380 ac
559 2346 719 2380 meminit
743 2347 938 2379 doctrinam
962 2344 1193 2388 catechismi,
1222 2361 1264 2381 ne

278 2403 338 2435 ille
363 2401 463 2439 satis,
506 2405 563 2431 aut
591 2397 816 2431 mediocriter
841 2397 1015 2441 profecto,
1057 2398 1264 2432 confirmare

278 2452 409 2502 poterit
425 2457 456 2483 et
475 2449 613 2482 munire
632 2448 788 2481 animum
815 2450 980 2482 adversus
1006 2445 1089 2481 haec
1113 2450 1183 2481 duo
1207 2463 1264 2494 ge-

280 2515 363 2538 nera
383 2501 592 2535 insidiarum
611 2507 643 2533 et
662 2500 948 2543 imposturarum.

365 2563 593 2605 Quantopere
605 2558 768 2602 papistici
788 2566 925 2600 urgent,
944 2559 1132 2599 inculcant,
1149 2568 1265 2594 osten-

283 2621 357 2648 tant
370 2612 580 2645 vocabulum
599 2610 783 2643 sacrificii?
801 2618 978 2654 arreptum
995 2623 1034 2644 ex
1051 2611 1189 2655 scriptis
1208 2625 1264 2642 u·-

283 2673 407 2699 terum.
427 2663 485 2708 qui
505 2664 707 2707 frequenter
727 2669 941 2706 usurparunt
960 2673 1088 2696 nomen
1106 2663 1263 2696 sacrificii

847 88 973 126 PHIL.
1001 87 1118 126 MEL.
1145 87 1352 125 SCRIPTA
1377 87 1677 125 EXEGETICA.

2205 89 2279 126 768

1292 176 1336 209 de
1352 174 1481 217 Missa,
1503 177 1540 210 id
1563 183 1632 219 est,
1658 177 1702 210 de
1717 182 1788 211 tota
1805 176 2024 220 ceremonia,
2056 188 2117 210 seu
2140 177 2183 211 de
2206 184 2278 211 tota

1293 227 1430 261 actione
1453 227 1621 261 interiore
1644 234 1677 262 et
1699 227 1872 262 exteriore
1894 227 1951 271 pie
1970 227 2145 261 utentium
2171 239 2279 262 coena

1294 276 1459 311 Domini:
1494 279 1552 311 sed
1572 279 1625 312 illi
1647 285 1786 323 postea,
1820 277 2025 321 affingentes
2044 289 2105 312 sua
2129 279 2280 319 somnia,

1296 335 1470 362 conantur
1484 335 1663 373 praetextu
1678 330 1786 363 unius
1811 329 1973 363 vocabuli
1994 327 2163 377 (perinde
2180 329 2280 373 quasi

1297 379 1502 413 sacrificium
1527 380 1696 421 significet
1717 381 1890 426 quidquid
1914 380 1998 424 ipsis
2023 377 2130 425 libet)
2153 379 2282 412 confir-

1297 441 1394 463 mare
1414 441 1453 463 ac
1469 430 1626 463 stabilire
1641 442 1762 464 omnes
1777 442 1857 465 suos
1874 431 2072 464 teterrimos
2087 441 2224 463 errores
2239 430 2283 463 de

1300 479 1421 515 Missa.
1465 479 1586 525 ltaque
1603 481 1651 514 sic
1665 489 1971 524 argumentantur:
2000 480 2216 515 Sacrificium
2231 487 2283 515 est

1299 542 1388 574 opus
1412 543 1431 565 a
1455 532 1635 565 sacerdote
1664 531 1863 566 faciendum
1889 544 1948 566 seu
1971 532 2191 565 offerendum
2217 542 2283 576 pro

1301 582 1396 621 aliis,
1424 582 1552 627 quibus
1569 582 1782 626 applicatum
1795 590 1948 617 meretur
1961 581 2283 616 reconciliationem

1302 645 1361 666 seu
1376 633 1536 676 gratiam,
1563 633 1699 667 confert
1717 633 1800 667 item
1815 634 1993 668 fortunam
2009 644 2225 678 prosperam,
2252 639 2286 667 et

1302 683 1419 717 felices
1437 695 1614 717 successus
1631 684 1668 716 in
1684 685 1849 717 omnibus
1865 685 1980 718 rebus.

1405 749 1458 784 Ac
1476 758 1574 784 vetus
1590 748 1745 784 Ecclesia
1762 750 1876 784 utitur
1895 750 2039 784 nomine
2061 750 2221 784 sacrificii
2243 750 2287 783 de

1305 801 1424 837 Missa.

1406 858 1500 903 Ergo
1518 859 1627 892 Missa
1646 859 1690 892 sit
1706 858 1912 901 singularis,
1948 859 2112 906 proprius
2125 871 2164 893 ac
2181 871 2288 903 pecu-

1305 911 1402 945 liaris
1418 910 1692 944 sacrificulorum
1711 909 1842 949 cultus,
1870 909 2069 943 meritorius
2081 937 2090 951 ,
2123 918 2157 944 et
2173 910 2289 954 appli-

1306 962 1430 996 cabilis
1449 973 1512 1005 pro
1528 961 1622 993 aliis:
1650 968 1681 994 et
1699 961 1944 993 conducantur
1960 960 2105 1003 plurimi
2122 960 2290 994 Missam-

1306 1024 1378 1051 res,
1401 1012 1461 1057 qui
1485 1012 1701 1057 quotidianis
1721 1017 1754 1044 et
1776 1011 2098 1045 innumerabilibus
2114 1011 2292 1045 sacrificiis

1306 1064 1523 1107 privatarum
1541 1062 1731 1095 Missarum
1755 1068 2022 1106 promereantur
2046 1074 2085 1095 ac
2108 1063 2292 1096 conferant

1308 1114 1385 1147 aliis
1401 1113 1547 1157 gratiam
1566 1111 1651 1153 Dei,
1677 1113 1840 1146 fortunae
1863 1112 2128 1156 prosperitatem
2141 1140 2150 1154 ‚
2177 1119 2210 1146 et
2226 1113 2292 1146 bo·

1308 1176 1372 1198 nos
1393 1175 1588 1204 successus,
1617 1164 1831 1197 amoliantur
1855 1163 1937 1197 item
1960 1163 2052 1196 mala
2077 1171 2110 1198 et
2136 1163 2292 1208 pericula

1311 1214 1572 1259 impendentia,
1600 1220 1664 1247 etc.

1410 1281 1625 1314 Huiusmodi
1656 1279 1813 1312 confictis
1842 1279 2059 1327 praestigiis,
2105 1292 2144 1314 ac
2170 1280 2295 1315 fucatis

1309 1332 1449 1376 ineptiis
1471 1343 1542 1364 sese
1565 1331 1747 1363 venditant
1772 1337 1804 1363 et
1823 1331 2004 1373 magnifice
2020 1331 2171 1365 efferunt
2189 1331 2296 1375 Papi-

1309 1383 1398 1417 stici.
1451 1381 1521 1415 Sed
1545 1381 1572 1413 si
1600 1387 1636 1413 tu
1659 1380 1767 1413 iecisti
1791 1381 1941 1414 fideliter
1964 1381 2000 1413 in
2024 1382 2142 1415 animo
2164 1382 2295 1415 sunda-

1312 1439 1428 1466 menta
1447 1432 1628 1465 doctrinae
1645 1429 1875 1469 Catechismi‚
1902 1438 1998 1465 tenes
2015 1429 2080 1465 hoc
2098 1430 2238 1466 firmum
2260 1439 2294 1467 et

1311 1483 1533 1528 perspicuum
1556 1483 1844 1515 fundamentum:
1888 1483 1983 1526 quod
2017 1493 2156 1516 necesse
2185 1483 2229 1517 sit
2263 1491 2296 1518 te

1312 1534 1485 1578 accipere,
1512 1533 1697 1577 consequi,
1723 1539 1756 1566 et
1774 1532 1942 1576 applicari
1959 1532 2024 1565 tibi
2043 1533 2208 1576 gratiam,
2236 1546 2297 1568 seu

1313 1583 1654 1621 reconciliationem,
1689 1594 1750 1616 seu
1773 1583 1937 1616 meritum
1962 1583 2156 1616 oblationis
2178 1595 2218 1618 ae
2242 1595 2298 1618 sa-

1313 1635 1433 1668 crificii
1459 1632 1608 1671 Christi,
1642 1633 1783 1677 propria
1809 1633 1896 1674 fide,
1932 1633 2090 1668 intuente
2115 1641 2148 1669 et
2172 1646 2300 1680 appre-

1313 1684 1489 1718 hendente
1507 1685 1616 1717 filium
1634 1683 1699 1717 Dei
1717 1684 1861 1717 unicum
1881 1685 2141 1727 deprecatorem
2157 1697 2195 1719 ac
2216 1698 2299 1730 pro·

1315 1736 1533 1780 pitiatorem,
1561 1735 1621 1779 qui
1643 1735 1806 1767 universa
1824 1735 2045 1773 obedientia,
2073 1742 2106 1770 et
2130 1733 2300 1771 humilia·

1315 1788 1410 1821 tione
1427 1797 1486 1819 sua
1503 1795 1615 1829 usque
1632 1785 1674 1818 ad
1695 1785 1985 1818 resurrectionem
2007 1786 2175 1821 satisfecit
2200 1787 2301 1822 iusti-

1313 1838 1381 1871 tiae
1398 1835 1484 1877 Dei,
1512 1843 1543 1870 et
1561 1836 1709 1880 placavit
1726 1836 1812 1868 iram
1828 1836 2017 1870 maiestatis
2034 1837 2194 1876 divinae,
2221 1850 2300 1882 per-

1315 1889 1427 1922 soluta
1453 1899 1565 1932 poena
1592 1899 1654 1930 pro
1681 1887 1784 1919 nobis
1808 1885 1844 1920 in
1870 1893 1941 1920 tota
1974 1898 2035 1920 sua
2070 1887 2232 1934 passione
2261 1902 2300 1923 ac

1314 1946 1443 1973 morte:
1486 1939 1528 1971 de
1558 1949 1627 1982 quo
1651 1938 1756 1971 unico
1779 1937 1948 1970 sacrificio
1973 1938 2218 1982 propitiatorio
2245 1941 2302 1973 di-

1315 1997 1408 2023 ctum
1426 1996 1474 2022 est
1491 1989 1533 2022 ad
1550 1987 1704 2021 Ebtaeos
1719 1988 1791 2022 lO.:
1821 1987 1936 2022 [uico
1953 1989 2121 2022 sacrificio
2138 1987 2301 2025 Christus

1315 2040 1570 2074 consummavit
1596 2040 1631 2072 in
1654 2046 1861 2083 perpetuum
1885 2052 1962 2078 eos,
1994 2040 2053 2084 qui
2080 2040 2302 2076 sanctifican-

1316 2099 1382 2126 tur.
1451 2089 1545 2133 Ergo
1570 2090 1892 2124 manifestissimum
1918 2097 1988 2131 est,
2020 2097 2052 2123 te
2077 2103 2301 2137 nequaquam

1317 2142 1536 2176 reconciliari
1560 2148 1591 2174 et
1618 2140 1846 2180 sanctificari,
1880 2153 1942 2184 per
1966 2147 1999 2175 et
2023 2149 2166 2186 propter
2188 2151 2301 2177 exter-

1317 2206 1401 2227 num
1419 2192 1626 2226 sacrificium
1650 2204 1709 2225 seu
1732 2204 1818 2237 opus
1837 2190 2006 2226 Monachi
2034 2193 2087 2226 vel
2113 2194 2301 2229 sacrificuli

1320 2244 1529 2278 MissatoriS.

1420 2302 1634 2336 Huiusmodi
1672 2302 1827 2347 exempla
1862 2301 1915 2334 vel
1953 2309 2111 2335 sexcenta
2151 2303 2301 2346 proferri

1318 2362 1475 2400 possent,
1518 2366 1557 2387 ex
1589 2353 1889 2398 disputationibus
1916 2359 2020 2397 atque
2044 2355 2304 2397 controversiis,

1318 2418 1407 2451 quae
1425 2412 1541 2439 nostra
1558 2412 1668 2438 aetate
1684 2406 1727 2437 de
1742 2404 1910 2447 religione
1928 2403 2154 2444 exstiterunt,
2179 2417 2218 2439 ac
2236 2403 2304 2440 boc

1320 2457 1394 2501 ipso
1417 2464 1572 2500 tempore
1590 2453 1830 2488 vehementius
1847 2455 2026 2497 agitantur
2041 2461 2072 2488 et
2092 2456 2301 2491 incitantur:

1319 2509 1413 2541 unde
1436 2507 1543 2552 possit
1568 2506 1748 2538 evidenter
1781 2505 1956 2549 conspici,
1991 2518 2029 2539 ac
2054 2507 2301 2545 demonstrari.

1320 2557 1572 2605 sycophantas.
1599 2563 1631 2590 et
1656 2554 1864 2600 sophisticos
1882 2557 1960 2590 illos
1976 2554 2170 2596 Rhetores,
2196 2564 2300 2603 atque

1320 2610 1506 2654 scriptores
1522 2607 1675 2642 Romani
1694 2607 1893 2643 l‘uutificis,
1922 2608 1958 2640 in
1975 2607 2213 2648 excusatione,
2239 2620 2300 2643 seu

1321 2661 1524 2694 defensioue
1558 2659 1732 2692 aluisuum
1770 2666 1803 2693 et
1842 2670 2001 2693 errorum
2035 2657 2302 2703 Papisticorum,
