2409 2915
839 81 920 119 XII.

397 178 514 214 illius.
567 171 620 206 Et
639 180 709 205 ecce
724 165 855 202 mulier
872 176 965 215 quae
981 162 1181 211 sanguinis
1194 174 1280 210 pro-

388 227 508 278 fluvio
537 223 772 258 laboraverat
798 215 983 252 duodecim
1013 226 1150 257 annos,
1183 225 1282 248 acce-

402 277 490 314 dens
516 288 540 310 a
565 279 682 319 terga,
720 268 837 316 tetigit
863 265 1055 314 fimbriam
1084 262 1284 299 vestimenti

400 328 517 363 illius.
543 323 710 358 Dixerat
729 321 822 355 enim
841 316 941 353 intra
959 329 1051 356 sese,
1079 314 1126 349 Si
1139 319 1282 349 tantum

399 378 548 424 tetigero
566 373 810 408 vestimentum
828 368 954 409 illius,
979 379 1038 401 ero
1059 364 1180 402 salva.
1234 362 1282 397 At

398 428 507 464 Iesus
523 435 724 464 conversus,
747 426 784 456 ut
802 417 891 454 cidit
910 417 1031 459 illam,
1047 414 1162 451 dixit.-
1184 413 1283 452 Con—

389 477 471 526 fide
500 475 607 521 filia,
631 470 731 519 fides
755 476 819 505 tua
846 474 878 503 te
900 467 1046 503 salvam
1074 466 1178 515 fecit.
1228 463 1283 498 Et

400 528 509 565 salva
520 527 630 575 sacta
642 522 722 571 suit
739 519 871 555 mulier
886 532 910 553 a
927 523 1080 566 tempore
1097 515 1178 553 illo.
1230 514 1283 549 Et

400 592 478 614 cum
504 576 652 610 venisset
677 571 782 605 Iesus
806 570 845 603 in
868 566 973 603 aedes
995 566 1197 605 Primam,
1230 564 1284 598 ci—

402 629 581 674 dissetque
596 622 759 657 tibicines
779 625 809 654 et
824 618 969 654 turham
990 616 1284 655 tumultuantem,

401 677 489 713 dicit
517 674 614 710 illis.-
643 669 821 712 Secedite,
847 682 919 704 non
945 668 1038 703 enim
1065 672 1210 701 mortua
1235 670 1285 700 est

403 723 676 763 adolescentula
689 751 698 764 ‚
724 720 792 756 sed
805 718 950 755 dormit.
1002 717 1054 751 Et
1072 715 1286 752 deridebant

404 777 527 814 illum.
579 772 672 810 Cum
693 776 814 806 autem
837 775 924 805 esset
949 769 1057 803 eiecta
1077 767 1203 809 turba,
1230 767 1288 801 in-

404 835 627 875 trogressus,
661 822 775 858 tenuit
795 833 946 854 manum
968 817 1094 857 illius,
1121 822 1151 851 et
1167 829 1289 851 surre-

402 880 461 914 xit
479 872 765 912 adolescentula.
817 869 870 904 Et
889 868 1071 904 emanavit
1089 880 1212 902 rumor
1229 865 1289 901 hic

406 931 445 963 in
462 933 575 963 totam
594 930 728 959 terram
751 919 872 955 illam.

293 97 368 135 599

354 988 528 1037 Quatuor
551 991 634 1019 sunt
650 983 730 1017 loci.

457 1045 486 1080 Ι.
538 1042 590 1077 De
607 1039 813 1086 Synagogis.

458 1095 505 1129 ll.
557 1091 727 1126 Doctrina
743 1087 942 1122 communis
958 1086 1002 1119 de
1022 1085 1214 1118 miraculis.

457 1144 522 1179 ΙΙΙ.
574 1140 746 1176 Doctrina
763 1140 805 1172 de
822 1138 908 1178 fide,
935 1143 967 1169 et
982 1136 1216 1169 invocatione.

457 1193 541 1229 llll.
568 1190 749 1235 Allegoria
765 1188 952 1223 tibicinum
965 1213 973 1227 ‚
1001 1192 1035 1220 et
1051 1185 1152 1219 aliae.

703 1281 749 1305 De
780 1278 897 1310 primo.

409 1335 591 1381 Singulari
606 1333 754 1368 consilio
764 1329 861 1365 Deus
879 1329 917 1361 in
934 1326 1064 1371 populo
1080 1324 1196 1365 Israel,
1213 1331 1292 1358 tan-

309 1445 351 1478 ad
389 1440 483 1486 quod
511 1437 634 1470 fierent
660 1432 815 1476 legitima
842 1427 1009 1462 sacrificia
1033 1425 1229 1459 oblationes
1259 1431 1292 1459 et

308 1491 548 1528 mactationes,
575 1492 608 1518 et
624 1485 666 1518 ad
685 1482 779 1528 quod
798 1490 933 1522 semper
951 1483 1087 1524 praesto
1106 1482 1179 1509 erat
1195 1487 1291 1509 sum-

310 1554 389 1577 mus
406 1538 584 1575 sacerdos,
611 1546 689 1568 cum
710 1533 829 1576 aliquo
846 1528 1004 1571 collegio.
1033 1525 1128 1559 Ilaec
1146 1526 1292 1559 ordina-
1342 1536 1520 1568 miraculo.

972 75 1366 117 ANNOTATIONES
1393 77 1444 114 IN
1469 75 1773 118 EVANGELIA.

310 1595 361 1629 tio
380 1591 543 1636 proderat
559 1586 600 1618 ad
621 1584 842 1617 retinendam
861 1577 1085 1613 concordiam
1102 1576 1292 1615 doctrinae,
1316 1575 1318 1597 ἵ

311 1643 520 1688 opinionum
555 1642 588 1669 et
620 1634 790 1668 cultuum.
910 1679 916 1685 ι
1067 1677 1074 1683 .

311 1692 442 1728 diversi
468 1686 648 1733 pontifices
675 1683 778 1717 citius
800 1684 1016 1724 peperissent
1040 1679 1198 1709 diversos
1218 1677 1292 1709 cul-

311 1754 366 1779 tus
400 1749 433 1775 et
459 1740 614 1773 diversas
643 1733 847 1779 opiniones,
889 1729 978 1762 sicut
1010 1734 1130 1776 postea
1157 1727 1318 1767 accidit,v

312 1793 455 1841 quando
479 1789 662 1823 leroboam
687 1791 721 1817 et
736 1783 796 1816 alii
823 1779 976 1814 humana
1002 1778 1145 1811 audacia
1167 1777 1292 1810 condi-

312 1849 439 1879 derunt
458 1849 587 1873 novum
602 1835 786 1879 templum,
812 1829 895 1864 hinc
908 1829 1080 1863 discordia
1099 1828 1293 1870 doctrinae,

313 1905 346 1929 et
364 1892 481 1934 magui
500 1898 634 1922 errores
646 1885 713 1919 orti
729 1889 821 1916 sunt.
876 1879 1027 1913 Facilius
1044 1879 1137 1910 enim
1163 1878 1293 1910 retine-

314 1955 371 1980 tur
388 1939 576 1976 concordia
591 1963 600 1975 ,
627 1947 705 1969 cum
731 1933 768 1965 in
785 1943 856 1965 uno
876 1931 951 1963 loco
977 1935 1141 1976 perpetua
1162 1928 1292 1961 doctri-

315 2008 378 2029 nae
402 1989 570 2037 professio
595 1998 656 2031 per
680 1994 804 2017 manus
827 1981 998 2019 traditur,
1026 1986 1058 2012 et
1082 1986 1293 2023 propagatur

856 1628 950 1672 Quia
982 1627 1118 1659 diver-m
1151 1627 1293 1669 templa,
1316 1634 1317 1664 ἶ
1343 1636 1465 1669 neficio
1485 1643 1697 1671 remunerat.

1316 1686 1318 1743 Ρ

313 2044 473 2081 doctrina
499 2045 588 2073 certa
611 2035 795 2070 autoritate
821 2039 851 2064 ct
878 2031 980 2064 certis
1006 2029 1233 2069 testimoniis,
1262 2035 1294 2062 et
1318 2033 1319 2039 ¹

315 2105 451 2139 semper
471 2098 519 2125 est
540 2088 655 2131 gravis
671 2091 810 2118 senatus
828 2083 1020 2125 inspector,
1047 2080 1106 2124 qui
1133 2080 1293 2113 conside-

316 2155 367 2181 rat
383 2173 390 2185 ,
416 2143 499 2188 quid
519 2139 657 2183 publice
672 2138 854 2172 doceatur,
880 2140 911 2165 et
931 2131 965 2163 in
985 2131 1045 2163 illo
1063 2130 1196 2174 populo
1213 2142 1295 2174 pm-

318 2196 437 2231 missio
457 2191 577 2225 divina
595 2189 681 2221 sacta
699 2192 790 2222 erat,
817 2194 951 2225 semper
968 2182 1058 2223 apud
1087 2179 1148 2213 lios
1171 2182 1296 2221 cultus,

318 2255 349 2280 et
368 2248 401 2278 in
423 2243 486 2276 hac
505 2242 583 2274 sede
601 2240 752 2272 futuram
774 2234 925 2278 aliquam
948 2231 1010 2264 Dei
1031 2229 1237 2269 Ecclesiam,
1264 2239 1296 2265 et

319 2312 332 2326 ι
344 2297 512 2329 erit-item.
541 2292 658 2331 Quart·
670 2285 803 2319 etiamsi
820 2295 919 2326 saepe
935 2281 1152 2326 pontilireset
1173 2294 1294 2325 inagna

319 2358 397 2392 pars
416 2341 551 2383 collegii
571 2346 640 2372 erat
663 2337 767 2380 impia
781 2363 788 2374 ‚
816 2342 930 2368 tamen
955 2333 1048 2365 Deus
1066 2332 1210 2365 svm-uit
1231 2333 1294 2365 ati-

319 2408 404 2443 quas
423 2393 606 2437 reliquias,
634 2396 671 2421 ut
689 2386 886 2422 leremiam,
914 2384 1134 2421 Simeonem,
1162 2382 1296 2416 'Lacha-

321 2449 428 2483 riam‚
462 2451 494 2476 et
522 2441 663 2475 similes.

322 2510 423 2544 quem
443 2500 534 2527 corto
553 2500 708 2533 tempore
724 2498 845 2519 nmnes
862 2484 1115 2518 conveniebant
1134 2495 1171 2515 cx
1183 2485 1296 2516 ninni-

745 2436 827 2469 Erat
853 2435 958 2478 igitur
982 2443 1074 2465 unus
1105 2433 1216 2467 locus.
1253 2436 1295 2466 ad
1320 2442 1321 2454 ¹

322 2551 385 2581 hus
401 2544 560 2589 oppidis,
587 2549 616 2573 et
638 2540 684 2572 ihi
705 2538 899 2571 doctrinam
916 2534 1152 2567 conserebant.
1201 2536 1297 2568 Sicut
1321 2532 1322 2537 ¹

2236 81 2310 116 400

1333 161 1513 198 Pharisaei
1535 170 1569 199 et
1592 163 1789 199 Sadducaei
1823 163 2043 198 extinxerant
2071 163 2183 198 lucem
2209 177 2310 201 verae

1334 214 1531 249 doctrinae.

1435 270 1650 317 Quanquam
1668 279 1784 306 autem
1809 283 1879 306 una
1902 272 2000 305 sedes
2017 277 2109 312 erat,
2144 278 2311 316 tanquam

1334 321 1523 366 inspectrix
1558 328 1592 354 et
1625 323 1851 365 gubernatrix
1882 322 2086 362 doctrinae,
2127 328 2242 355 tamen
2276 323 2314 355 in

1334 371 1501 406 omnibus
1515 371 1655 416 oppidis
1671 372 1816 417 reliquis
1833 371 2037 418 Synagogae
2055 379 2174 412 erant,
2199 372 2235 405 id
2252 379 2315 413 est,

1335 429 1530 456 conventus
1552 421 1724 463 instituti,
1755 434 1829 456 non
1853 424 1896 456 ad
1926 423 2124 456 oblationes
2150 428 2210 455 aut
2241 433 2316 456 ma—

1334 473 1502 507 ctationes
1522 471 1734 512 hostiarum,
1760 473 1820 505 sed
1842 479 1977 507 tantum
2003 474 2046 506 ad
2073 472 2233 507 exercitia
2253 473 2316 506 do-

1335 523 1467 557 ctrinae
1484 529 1518 556 et
1535 522 1693 567 publicas
1710 522 1934 566 precationes.
1973 522 2095 557 Voluit
2111 523 2204 556 enim
2220 520 2316 556 Deus

1335 573 1468 618 ubique
1496 584 1621 606 sonare
1646 584 1764 606 vocem
1785 570 2051 617 Prophetarum.
2105 573 2174 608 Sed
2201 579 2316 606 tamen

1335 630 1374 657 ut
1391 630 1547 657 maneret
1563 634 1771 664 consensus,
1798 630 1871 657 erat
1886 635 1956 657 una
1974 635 2108 657 summa
2126 621 2244 657 schola
2263 623 2317 655 in-

1336 674 1484 718 spectrix
1498 674 1542 707 ad
1559 673 1740 718 templum.

1437 731 1532 765 Haec
1548 731 1627 765 ideo
1645 733 1772 774 recito,
1798 739 1837 766 ut
1854 742 2082 776 agnoscamus
2096 729 2209 765 Deum
2229 731 2319 763 velle

1339 783 1444 817 etiam
1469 782 1584 816 studia
1607 783 1806 823 doctrinae,
1842 788 1875 816 et
1898 782 1996 826 gravi
2018 782 2220 821 autoritate,
2258 792 2319 824 per

1338 839 1456 867 coetus
1477 832 1634 877 aliquos,
1663 833 1846 877 propagari
1871 833 2087 873 doctrinam,
2114 839 2147 866 et
2171 842 2242 865 esse
2263 831 2318 864 in-

1339 890 1532 927 spectores,
1567 884 1612 916 ad
1637 883 1857 917 retinendam
1880 883 2061 916 doctrinae
2083 881 2320 917 concordiam.

1338 933 1434 967 Haec
1449 933 1723 975 consideremus,
1738 941 1777 967 ut
1795 934 1985 967 excitemur
2001 934 2043 967 ad
2060 934 2236 973 amandas,
2263 932 2320 976 ju-

1339 985 1472 1017 vandas
1487 990 1520 1017 et
1537 984 1685 1017 tuendas
1700 982 1852 1024 scholas,
1879 984 1916 1016 in
1939 984 2067 1028 quibus
2086 981 2320 1026 Evangelium

1340 1035 1442 1074 lucet,
1458 1034 1547 1067 sicut
1564 1033 1695 1078 populo
1710 1033 1818 1067 lsrae'l
1835 1035 2039 1067 mandatum
2055 1039 2138 1073 erat,
2162 1040 2200 1066 ut
2217 1044 2318 1065 suum

1339 1085 1510 1128 templum
1528 1090 1722 1119 tuerentur,
1775 1083 1868 1127 Quia
1890 1095 2026 1127 semper
2049 1084 2123 1117 vult
2138 1082 2232 1116 Deus
2255 1082 2320 1115 ali-

1340 1147 1409 1179 qua
1445 1145 1517 1167 esse
1552 1133 1730 1168 Ecclesiae
1766 1134 1902 1174 studia,
1946 1134 2035 1167 sicut
2070 1140 2183 1166 servat
2218 1145 2320 1166 suum

1340 1185 1471 1218 librum
1487 1182 1679 1226 Ecclesiae,
1706 1185 1882 1230 scripturn⁴
1892 1195 1953 1228 per
1963 1181 2156 1227 Prophetas
2175 1190 2207 1217 et
2224 1182 2322 1227 Apo-

1341 1236 1459 1269 stolos.

1442 1285 1594 1328 Ideoque
1611 1286 1835 1317 mandaverat
1854 1285 1989 1329 imponi
2007 1283 2144 1318 tabulas
2159 1282 2267 1317 Moisi
2284 1283 2322 1316 in

1316 1367 1317 1378 ζ
1341 1346 1476 1375 arcam,
1502 1340 1541 1367 ut
1563 1334 1771 1376 significaret
1791 1335 1826 1367 in
1844 1333 2001 1369 Ecclesia
2025 1345 2225 1367 mansuram
2249 1344 2321 1367 esse

309 1401 384 1428 tum
403 1400 515 1423 unum
533 1396 604 1419 esse
621 1380 887 1418 tabernaculum
905 1389 965 1411 seu
981 1375 1151 1419 templum
1169 1375 1292 1415 voluit,
1316 1384 1317 1413 2
1341 1385 1537 1419 doctrinam
1557 1396 1574 1416 a
1591 1395 1626 1417 se
1642 1385 1816 1420 traditam,

1870 1384 1952 1419 Fuit
1975 1384 2082 1428 igitur
2104 1381 2322 1429 Archisyna-

1341 1447 1448 1479 gogus
1472 1435 1509 1467 iu
1532 1435 1663 1478 oppido
1687 1434 1929 1479 Capernaum,
1962 1435 2070 1468 lector
2093 1441 2126 1467 et
2151 1435 2322 1478 interpres

1340 1486 1514 1530 quispiam
1540 1483 1814 1528 Prophetarum,
1849 1486 1908 1530 qui
1933 1491 2080 1519 ornatur
2103 1482 2161 1518 hic
2190 1485 2322 1528 insigni

1571 1536 1662 1577 Quia
1688 1536 1782 1568 enim
1814 1536 1915 1579 pauci
1948 1536 2107 1568 doctores
2134 1535 2322 1568 credebant

1341 1584 1502 1624 Christo,
1530 1585 1608 1617 ideo
1637 1584 1742 1618 huius
1765 1586 1868 1619 fidem
1887 1584 2048 1619 Christus
2069 1584 2238 1629 singulari
2260 1585 2322 1618 be·

1716 1728 1763 1752 De
1789 1729 1952 1754 seeundo.

1445 1779 1524 1815 Uno
1549 1787 1582 1814 et
1598 1780 1718 1813 eodem
1737 1781 1841 1813 modo
1865 1781 2063 1824 plerunque
2086 1779 2130 1813 de
2146 1779 2324 1813 miraculis

1342 1831 1502 1871 dicimus,
1529 1831 1594 1863 tria
1613 1827 1697 1862 haec
1714 1831 1757 1863 de
1772 1831 1950 1864 miraculis
1966 1830 2117 1863 tenenda
2134 1840 2215 1863 esse.
2244 1829 2324 1863 Pri-

1343 1893 1437 1914 mum
1461 1881 1708 1914 universaliter
1726 1881 1813 1913 facta
1831 1878 2106 1925 Prophetarum,
2133 1877 2266 1914 Christi
2290 1888 2323 1915 et

1344 1930 1596 1975 Apostolorum
1618 1931 1778 1963 miranda
1790 1955 1799 1969 ,
1827 1942 1898 1964 esse
1915 1931 2114 1965 testimonia
2129 1931 2173 1964 de
2192 1931 2324 1965 doctri-

1343 1994 1406 2021 na,
1432 1982 1560 2025 quibus
1579 1981 1671 2014 Deus
1696 1988 1864 2023 testatur,
1889 1993 1924 2015 se
1948 1982 2067 2014 adesse
2091 1979 2147 2014 his
2163 1981 2324 2015 docenti-

1344 2034 1428 2074 bus,
1463 2039 1494 2065 et
1521 2029 1610 2064 hunc
1634 2032 1829 2065 doctrinam
1859 2043 1921 2065 sua
1946 2031 2126 2066 voluntate
2162 2032 2323 2076 proponi.

1345 2081 1390 2116 Ut
1406 2082 1572 2115 miracula
1590 2083 1720 2122 omnia,
1747 2094 1836 2128 quae
1852 2082 1941 2117 sacta
1957 2089 2049 2121 sunt,
2076 2093 2155 2116 cum
2172 2082 2324 2127 populus

1345 2134 1551 2166 educeretur
1574 2145 1613 2165 ex
1634 2131 1813 2177 Aegypto,
1839 2132 2037 2166 testimonia
2065 2140 2163 2166 erant
2188 2133 2323 2167 doctri-

1346 2195 1409 2216 nae
1422 2210 1430 2223 ‚
1459 2184 1638 2220 videlicet.
1668 2181 1756 2216 hanc
1774 2195 1893 2217 vocem
1914 2184 1998 2227 legis
2015 2195 2095 2216 vere
2113 2194 2184 2216 esse
2202 2195 2323 2216 vocem

1346 2233 1422 2268 Dei.
1454 2234 1511 2267 Sic
1531 2233 1808 2267 resuscitationes
1826 2241 2045 2267 mortuorum
2064 2234 2172 2268 sactae
2186 2246 2204 2266 a
2218 2231 2324 2267 Chri-

1346 2292 1415 2322 sto,
1443 2291 1614 2317 testantur
1639 2297 1717 2317 euin
1743 2297 1760 2317 a
1777 2284 1852 2318 Deo
1877 2285 2020 2317 missum
2044 2295 2133 2322 esse,
2159 2291 2190 2317 et
2214 2295 2323 2326 genus

1346 2335 1526 2368 doctrinae
1543 2333 1636 2367 h-unl
1655 2335 1761 2367 dubie
1778 2335 1937 2368 divinum
1954 2345 2036 2367 esse.
2086 2333 2226 2379 Nosque
2241 2332 2325 2368 haec

1345 2386 1512 2418 miracula
1529 2385 1747 2424 confirment.
1765 2392 1804 2419 ut
1819 2384 2070 2428 amplectamur
2081 2383 2326 2429 Evangetium,

1346 2443 1377 2469 et
1396 2436 1635 2469 discernamus
1660 2448 1677 2469 a
1696 2433 1989 2479 philosophorum
2012 2434 2194 2476 doctrina,
2225 2442 2258 2468 et
2277 2434 2322 2467 ab

1347 2484 1510 2520 humanis
1527 2485 1764 2531 opinionibus.
1819 2486 2031 2531 Quanquam
2057 2485 2151 2519 enim
2177 2491 2209 2519 et
2233 2484 2321 2518 aliae

1346 2544 1463 2580 gentes
1478 2538 1647 2582 quaedam
1666 2536 1830 2569 miracula
1849 2535 1988 2577 hahent,
2017 2543 2131 2569 tamen
2148 2533 2321 2569 haecsunt

323 2608 350 2630 vt
381 2596 542 2629 Christus
568 2592 767 2625 adolescens
792 2587 918 2620 mansit
947 2585 1220 2629 Hierosolymis,
1256 2588 1297 2617 d«-
1322 2597 1323 2615 η
1349 2588 1488 2631 propria
1515 2585 1710 2626 Ecclesiae,
1751 2599 1839 2632 qnae
1870 2587 1969 2621 „nlla
2001 2593 2156 2620 ercam„
2192 2585 2320 2619 imitari

323 2648 480 2682 ,totu-ina
499 2645 679 2686 disputans
695 2652 771 2672 runt
793 2637 948 2681 collegio,
973 2637 1032 2669 etsi
1053 2643 1134 2669 tuuc
1155 2637 1296 2679 quidem
1322 2654 1323 2658 ¹
1349 2645 1478 2682 potest.
1513 2638 1662 2678 scilicet,
1696 2639 1842 2672 reddere
1864 2639 1968 2672 vitam
2002 2636 2169 2673 mortuis.
2203 2637 2323 2670 sistere
