2409 2915
28 862 29 865 =
75 848 145 878 tur.

32 989 38 999 '
74 992 191 1036 gligit,
224 999 257 1026 et
283 993 407 1036 allegat
436 994 546 1036 legem
569 1005 642 1026 non
665 994 888 1028 intellectam.

83 92 157 130 357

80 190 168 213 num
190 189 208 211 a
232 183 371 222 peccato
387 183 422 211 et
438 188 457 211 a
473 183 585 212 morte
597 203 607 218 ,
632 177 769 210 dandae
785 176 875 210 vitae
890 183 1062 212 aeternae.

81 228 178 263 Haec
208 228 330 262 concio
359 229 402 261 de
424 227 491 260 fide
512 227 741 271 praeponitur
764 227 993 269 disputationi
1020 229 1063 260 de

81 280 177 322 lege,
213 286 252 312 ut
275 279 342 311 fide
363 275 666 322 apprehendamus
689 277 856 310 beneficia
880 276 964 310 Filii
985 276 1062 313 Dei.

80 328 204 362 Postea
225 341 303 363 cum
321 327 526 371 agnovimus
543 335 676 371 patrem
692 327 891 371 per-Filium
903 353 911 367 ,
940 339 1062 372 sequa—

80 385 139 414 tur
155 378 352 413 obedientia
369 377 471 420 legis,
496 389 586 422 quae
602 378 752 423 placebit
765 384 910 423 propter
918 377 1062 419 Filium,

36 420 51 459 ‚³
81 441 281 475 quanquam
297 428 342 462 sit
358 428 570 472 imperfecta.

432 530 484 555 De
514 530 706 555 secundo.

179 588 368 624 Pharisaeo
391 603 464 624 non
491 591 665 631 discendi,
691 591 750 624 sed
774 592 933 624 tentandi
959 603 1057 625 causa

32 640 43 668 ,¹
76 641 326 684 interroganti,
353 642 509 675 ostendit
524 639 685 675 Christus
708 641 848 674 inanem
873 642 982 686 ipsius
1003 655 1058 675 ar-

76 692 294 734 rogantiam,
328 698 367 725 ut
392 699 555 735 agnoscat
580 698 771 735 peccatum.
834 692 878 726 lit
903 693 1058 725 fortassis

76 738 135 775 hic
161 739 343 787 hypocrita
366 742 432 776 suit
456 754 547 775 unus
572 754 612 775 ex
627 742 697 774 illis
714 742 816 785 ipsis,
843 743 902 788 qui
924 750 1057 786 praete-

76 792 213 825 rierunt
238 792 414 832 saucium,
441 793 483 825 de
506 793 634 836 quibus
658 790 715 825 hic
739 792 775 825 in
795 794 951 836 exemplo
969 793 1054 826 dici-

192 840 342 876 Iusserat
366 849 480 876 autem
492 840 654 876 Christus
680 843 951 885 interrogantem
971 855 1055 876 con-

75 892 189 925 sulere
213 893 440 936 scripturam,
469 893 609 926 deducit
633 905 712 926 eum
737 894 778 926 ad
804 894 969 934 verbum,
996 894 1054 926 sed

73 941 282 976 Pharisaeus
300 941 390 975 nihil
407 943 471 976 scit
488 943 554 976 nisi
572 943 700 986 legem,
728 944 977 987 promissiones
994 955 1055 976 ne-

950 991 1055 1027 Chri-

73 1049 147 1076 stus
178 1043 294 1084 addit,
326 1050 366 1077 ut
394 1044 468 1077 eius
496 1044 730 1086 ignorantiam
754 1050 859 1078 taxet:
892 1043 969 1076 Hoc
993 1044 1056 1085 fac,

29 1089 34 1098 ”
73 1099 108 1126 et
135 1093 250 1132 vives,
283 1093 454 1137 significat
484 1094 577 1127 enim
602 1106 681 1127 eum
706 1106 769 1127 nec
794 1095 906 1127 facere
933 1094 1054 1136 legem,

34 1143 35 1146 ’
72 1154 137 1176 nec
160 1143 336 1177 victurum
362 1155 449 1182 esse,
477 1145 534 1176 sed
558 1155 760 1188 oppressum
779 1156 850 1177 esse
867 1151 1005 1188 peccato
1022 1150 1055 1177 et

26 1235 29 1238 Δ
73 1200 198 1228 morte.
241 1191 304 1227 Est
319 1194 412 1227 enim
428 1195 615 1227 sententia:
644 1193 681 1227 Si
700 1194 832 1234 feceris,
860 1194 966 1234 vives,
995 1195 1054 1227 sed

71 1254 136 1276 nec
159 1250 196 1277 tu
219 1243 323 1284 sacis,
349 1255 413 1276 nec
436 1244 515 1281 alii,
543 1255 624 1285 ergo
646 1244 717 1276 vita
741 1244 884 1277 aliunde
907 1245 1054 1286 petenda

29 1286 33 1324 ἶ
71 1299 136 1327 est.
177 1292 308 1326 Verum
325 1299 376 1326 est
391 1293 542 1333 dictum,
568 1292 714 1326 Faciens
730 1294 838 1336 legem
858 1294 963 1329 vivet.
1016 1293 1055 1327 Si

27 1356 32 1374 f
70 1343 166 1376 enim
185 1354 257 1376 non
275 1349 362 1376 esset
376 1350 576 1387 peccatum,
603 1355 698 1376 mors
714 1355 787 1376 non
805 1350 902 1377 esset.

171 1408 224 1443 Ita
248 1409 403 1453 coarguit
418 1407 667 1449 Pharisaeum‚
694 1411 787 1454 quod
815 1409 944 1443 nesciat
969 1409 1051 1454 quid

69 1459 116 1494 sit
146 1459 221 1501 lex,
262 1460 348 1505 quid
379 1466 576 1507 peccatum,
616 1460 702 1504 quid
733 1471 845 1501 mors,
884 1472 973 1505 quae
1004 1466 1054 1493 est

71 1511 250 1556 quoddam
283 1510 440 1544 terribile
469 1509 600 1544 malum
632 1517 748 1544 ortum
782 1522 801 1543 a
826 1517 986 1554 peccato,
1021 1516 1053 1543 et

69 1572 144 1594 non
167 1561 306 1595 tollitur
326 1561 423 1604 lege,
450 1561 532 1606 quia
558 1561 611 1594 lex
635 1572 708 1593 non
732 1560 768 1593 fit
788 1561 825 1593 in
844 1568 967 1594 natura
986 1558 1054 1594 hu-

69 1622 174 1645 mana
209 1622 375 1655 oppressa
408 1618 560 1654 peccato.
634 1609 728 1643 Haec
761 1618 833 1644 tota
863 1611 1053 1654 disputatio

69 1672 214 1706 prorsus
237 1661 362 1694 similis
387 1667 436 1694 est
458 1661 757 1704 disputationibus
774 1659 901 1694 horum
918 1668 1053 1703 tempo-

69 1723 162 1747 rum.
214 1711 410 1753 Litigamus
434 1723 512 1744 cum
538 1711 749 1743 adversariis
772 1711 832 1755 qui
854 1718 935 1744 sunt
952 1710 1053 1743 fasci-

68 1761 144 1796 nati
173 1758 428 1806 philosophicis
457 1761 658 1804 opinionib.
689 1761 732 1793 de
761 1761 854 1804 lege,
893 1760 1054 1794 nesciunt

69 1812 155 1858 quid
173 1812 218 1846 sit
234 1818 432 1857 peccatum,
458 1812 544 1856 quid
560 1811 605 1845 sit
623 1822 730 1847 mors.

451 1918 502 1942 De
532 1916 676 1942 tertio.

169 1979 355 2014 Proximus
376 1979 480 2012 nobis
503 1985 554 2012 est
576 1979 682 2012 miser
705 1978 867 2021 indigens
885 1977 1052 2011 beneficio

69 2037 210 2072 nostro,
246 2038 279 2065 et
301 2029 504 2075 praesertim
532 2029 578 2069 is,
603 2029 665 2074 qui
691 2029 900 2062 coniunctus
925 2034 974 2061 est
996 2039 1053 2061 so-

69 2081 191 2115 cietate
221 2080 377 2114 nominis
406 2079 493 2119 Dei,
529 2080 589 2124 qui
623 2087 674 2114 est
702 2080 899 2112 membrum
929 2078 1053 2122 populi

69 2130 153 2166 Dei:
186 2130 232 2164 ita
255 2128 313 2163 hic
335 2130 420 2163 dicit
443 2130 599 2163 saucium
622 2130 813 2163 iudicatum
839 2140 911 2161 esse
934 2129 1054 2172 proxi-

69 2192 168 2215 mum
184 2180 442 2215 aSamaritano.
494 2178 649 2213 Econtra
667 2192 746 2213 caro
765 2180 860 2213 ducit
876 2179 1054 2222 proximos

69 2232 234 2265 florentes
258 2237 291 2264 et
315 2236 489 2274 potentes,
516 2230 604 2272 sugit
621 2230 776 2264 miseros.
829 2228 927 2263 Sicut
943 2240 1053 2262 venu-

62 2281 222 2316 stissime
253 2281 338 2315 dicit
366 2279 583 2313 Menander:
626 2279 784 2313 Fortuna
815 2279 910 2312 varie
940 2279 1053 2322 pingit

71 2332 225 2368 amicoss
273 2330 342 2366 Sed
374 2328 440 2363 hoc
472 2329 670 2373 exemplum
702 2330 803 2364 docet
832 2341 898 2362 nos
926 2329 1054 2363 debere

71 2383 253 2427 complecti
275 2382 420 2416 miseros
442 2387 609 2425 tanquam
630 2380 817 2423 proximos.
868 2378 1053 2413 Caeterum

71 2429 156 2466 haec
174 2434 302 2468 debent
320 2444 391 2466 esse
409 2438 542 2469 mutua,
570 2431 746 2474 gratitudo
765 2437 796 2463 et
812 2430 1054 2466 beneficentia.

71 2481 166 2517 Haec
190 2491 240 2518 est
264 2493 398 2517 summa
422 2481 589 2524 exempli,
616 2481 653 2514 in
677 2493 746 2525 quo
762 2480 846 2513 salse
863 2477 1054 2524 reprehen-

73 2533 207 2568 duntur
229 2534 301 2573 illi,
329 2532 391 2578 qui
414 2532 589 2565 iactabant
612 2531 785 2565 iusticiam
803 2530 906 2576 legis,
932 2537 972 2564 ut
987 2530 1053 2565 Sa-

75 2585 230 2618 cerdotes
254 2592 286 2618 et
303 2583 463 2622 Levitae,
491 2589 523 2616 et
541 2588 656 2616 tamen
677 2578 767 2615 veris
789 2579 955 2626 operibus
975 2581 1053 2614 vin-

20 2651 22 2653 ·
73 2635 239 2670 cebantur
257 2647 274 2669 a
292 2633 524 2669 Samaritano.

632 90 715 128 xlt.
753 88 1145 127 ANNOTATIONES
1173 88 1222 124 IN
1247 87 1544 127 EVANGELtA.

2025 100 2099 137 358

1478 175 1530 201 De
1564 178 1732 208 quarto.

1213 220 1375 257 Christus
1395 231 1488 258 recte
1512 229 1693 271 respondit
1714 220 1920 270 Phar—isaeo,
1948 232 2094 277 pingens

1114 272 1390 314 magnitudinem
1409 278 1548 318 peccati,
1569 285 1602 311 et
1619 279 1816 321 significans
1830 290 2005 326 peccatum
2021 296 2093 318 non

1113 323 1188 356 tolli
1223 323 1420 357 ministerio
1452 325 1554 367 legis,
1595 329 1653 359 sed
1686 329 1755 362 alio
1789 333 1942 376 quodam
1974 336 2091 368 modo.

1112 372 1257 407 Saucius
1285 374 1457 419 significat
1481 383 1592 409 totum
1617 389 1725 419 genus
1751 378 1963 425 humanum,
1996 386 2091 429 quod

1112 429 1160 456 est
1190 423 1378 467 spoliatum
1411 426 1514 459 donis
1545 427 1811 472 spiritualibus,
1846 444 1934 476 quae
1967 431 2093 469 habuit

1112 473 1232 514 initio,
1265 481 1297 507 et
1322 475 1564 518 vulneratum,
1600 478 1842 522 multipliciter
1863 482 2090 524 depravatum

1111 530 1145 557 et
1159 524 1345 557 distortum
1362 525 1581 567 ignoratione
1591 527 1667 569 Dei,
1691 537 1867 565 contemtu
1878 529 1954 568 Dei.
1999 532 2091 567 Sunt

1111 581 1144 607 et
1166 582 1310 607 naturae
1335 575 1425 608 vires
1452 585 1654 620 corruptae,
1682 586 1714 613 et
1731 581 1873 615 accessit
1888 594 1994 618 mors,
2046 581 2092 617 Et

1111 622 1195 657 haec
1219 625 1291 668 ipsa
1314 626 1459 659 vulnera
1483 627 1584 669 longe
1603 630 1732 662 maiora
1751 638 1849 672 sunt,
1876 644 1980 676 quam
1998 633 2092 666 iudi-

1111 687 1187 707 care
1211 675 1298 707 ratio
1319 683 1443 718 potest.
1497 676 1593 710 Sicut
1613 680 1706 711 enim
1725 682 2004 723 magnitudinem
2020 683 2091 717 irae

1110 723 1173 758 Dei
1197 737 1267 757 non
1292 726 1520 768 intelligimus
1545 728 1711 762 adversus
1736 739 1932 772 peccatum,
1961 733 2007 767 ita
2027 745 2091 767 nec

1110 782 1286 819 peccatum
1298 802 1306 815 ,
1334 788 1397 808 nec
1413 784 1560 809 mortem
1577 778 1658 810 satis
1675 779 1917 822 intelligimus.

1210 825 1379 859 Sacerdos
1396 833 1428 859 et
1438 826 1559 859 Levita
1577 836 1796 870 praetereunt
1815 829 1908 865 hune
1925 833 2092 874 saucium,

1109 875 1245 908 saucius
1269 888 1341 909 nou
1358 877 1499 910 iuvatur
1514 877 1710 911 ministerio
1729 880 1832 925 legis,
1863 889 2039 925 peccatum
2058 890 2091 917 et

1108 937 1200 959 mors
1224 938 1295 958 non
1321 927 1495 969 tolluntur
1511 939 1573 971 per
1590 929 1718 971 legem,
1746 932 1804 963 sed
1823 932 1919 965 venit
1936 931 2090 965 Samari—

1108 983 1210 1010 tanus
1220 974 1391 1017 Christus,
1417 979 1565 1011 reiectus
1579 990 1596 1010 a
1614 979 1748 1025 populo
1764 980 1861 1022 legis.
1914 980 1982 1013 Hic
1998 982 2090 1015 obli-

1108 1033 1164 1069 gat
1179 1027 1346 1067 vulnera,
1373 1027 1529 1060 infundit
1546 1028 1686 1070 vinum,
1712 1029 1747 1062 id
1765 1037 1833 1071 est,
1858 1031 2090 1074 praedicatio-

1108 1088 1186 1109 nem
1213 1077 1466 1120 poenitentiae,
1494 1085 1526 1111 et
1549 1078 1683 1117 oleum,
1710 1079 1744 1112 id
1761 1087 1830 1121 est,
1855 1079 2089 1124 Evangelium

1108 1133 1139 1160 et
1159 1126 1329 1170 Spiritum
1355 1135 1534 1166 sanctum,
1562 1141 1631 1173 quo
1656 1129 1816 1163 incoatur
1840 1131 1910 1164 vita
1937 1137 2090 1172 aeterna,

1107 1183 1139 1209 et
1162 1177 1314 1220 imponit
1341 1189 1420 1210 eum
1446 1190 1508 1211 suo
1525 1179 1700 1219 iumento,
1726 1179 1761 1212 id
1781 1187 1847 1221 est,
1874 1192 1934 1215 seu
1949 1183 2088 1226 corpori

1107 1238 1166 1259 seu
1196 1227 1411 1268 ministerio,
1441 1235 1473 1261 et
1503 1230 1724 1263 commendat
1745 1229 1937 1272 Ecclesiae,
1974 1239 2005 1265 et
2030 1233 2089 1266 dat

1106 1276 1267 1309 ministro
1295 1278 1383 1310 duos
1412 1278 1594 1319 denarios,
1628 1279 1663 1311 id
1695 1288 1763 1321 est,
1792 1283 2088 1327 praedicationem

1105 1326 1189 1368 legis
1214 1333 1246 1358 et
1270 1324 1473 1370 Evangelii,
1500 1334 1533 1361 et
1558 1329 1673 1369 addit,
1699 1330 1725 1362 si
1750 1331 1833 1374 quid
1862 1343 2090 1375 supereroga-

1106 1377 1196 1409 veris
1219 1376 1369 1418 solvam,
1397 1378 1496 1422 quasi
1521 1378 1631 1419 dicat,
1657 1381 1826 1413 accedunt
1849 1381 2004 1421 labores,
2029 1395 2090 1425 pe-

1105 1427 1235 1467 ricula,
1263 1427 1382 1471 inopia
1406 1428 1566 1470 consilii,
1590 1429 1626 1461 in
1651 1427 1704 1463 his
1721 1431 1888 1465 omnibus
1902 1433 2027 1473 adero,
2057 1440 2090 1466 et

1104 1477 1232 1510 iuvabo
1250 1484 1293 1512 te.
1590 1515 1593 1516 ⁷

1206 1526 1246 1560 In
1270 1525 1335 1560 hac
1358 1527 1510 1571 imagine
1534 1529 1688 1563 ostendit
1712 1532 1890 1574 quomodo
1914 1543 2089 1576 sanemur,

1105 1577 1236 1611 scilicet
1253 1575 1425 1612 aChristo
1445 1591 1506 1622 per
1524 1579 1759 1613 ministerium
1772 1579 1967 1624 Evangelii.
2022 1583 2090 1617 llic

1104 1635 1282 1669 nugantur
1297 1629 1338 1660 de
1354 1630 1518 1671 operibns
1535 1630 1863 1672 supererogationis,
1890 1633 1988 1675 quasi
2005 1635 2090 1667 alle-

1104 1677 1199 1719 goria
1224 1678 1391 1719 significet
1411 1679 1545 1724 privata
1566 1691 1669 1722 opera
1690 1692 1761 1712 non
1779 1681 1942 1714 mandata
1961 1695 1978 1714 a
1998 1684 2089 1723 Deo,

1105 1739 1183 1760 cum
1208 1727 1378 1769 significet
1403 1740 1507 1771 opera
1533 1740 1622 1773 quae
1647 1730 1793 1774 requirit
1821 1732 1973 1773 curatio,
2000 1746 2089 1778 quae

1104 1783 1186 1810 sunt
1204 1777 1376 1810 «livinitus
1395 1779 1570 1812 mandata.

1205 1826 1348 1860 Talium
1372 1840 1538 1870 operum,
1565 1825 1632 1860 hoc
1648 1833 1714 1867 est,
1743 1828 1922 1871 laborum,
1949 1833 2089 1876 pericu-

1104 1877 1220 1910 lorum
1245 1884 1277 1910 et
1300 1878 1530 1911 certaminum
1549 1878 1681 1911 mentio
1699 1878 1732 1911 fit
1745 1905 1752 1918 ‚
1782 1879 1818 1912 in
1835 1881 1962 1925 quibus
1978 1884 2088 1926 signi-

1104 1928 1182 1960 ficat
1206 1938 1241 1960 se
1263 1927 1465 1960 adfuturum
1490 1940 1579 1968 esse,
1614 1930 1916 1971 suppeditaturum
1942 1941 2088 1975 sumtus,

1105 1977 1186 2022 quia
1203 1977 1339 2010 assidue
1356 1990 1444 2021 opus
1460 1985 1507 2011 est
1528 1979 1563 2010 in
1579 1979 1832 2021 gubernatione
1850 1982 1973 2015 divino
1990 1985 2088 2017 auxi-

1103 2028 1166 2061 lio.
1220 2027 1385 2061 Incidunt
1408 2028 1502 2061 enim
1526 2029 1681 2068 infinita,
1707 2031 1767 2063 ubi
1793 2038 1911 2065 nostra
1930 2035 2087 2073 consilia,

1103 2084 1243 2111 nostrae
1266 2077 1374 2119 vires,
1400 2079 1644 2121 magnitudine
1664 2080 1901 2122 periculorum
1919 2095 2088 2126 superau-

1102 2135 1177 2171 tur,
1204 2127 1266 2161 ubi
1291 2130 1503 2172 precandum
1528 2136 1597 2168 est,
1626 2135 1664 2163 ut
1683 2130 1811 2164 dicitur
1827 2133 1861 2165 2.
1878 2132 1990 2167 Paral.
2007 2135 2085 2169 20:

1101 2177 1192 2212 Cum
1216 2179 1416 2220 ignoramus
1440 2180 1524 2224 quid
1544 2191 1643 2222 agere
1661 2180 1865 2222 debeamus,
1892 2180 1958 2216 hoc
1974 2185 2086 2218 solum

1103 2226 1273 2261 habemus
1310 2229 1460 2271 residui,
1502 2237 1540 2264 ut
1578 2230 1697 2264 oculos
1726 2237 1865 2265 nostros
1894 2233 2086 2277 dirigamus

1103 2280 1146 2312 ad
1164 2285 1208 2314 te.

1156 2337 1189 2364 In
1213 2338 1341 2365 tenebris
1366 2344 1501 2373 nostrae,
1537 2342 1565 2365 et
1588 2336 1678 2364 densa
1701 2338 1826 2375 caligine
1848 2343 1962 2378 mentis,

1208 2388 1282 2416 Cum
1305 2388 1376 2416 nihil
1401 2394 1444 2416 est
1467 2394 1526 2415 toto
1550 2393 1670 2424 pectore
1693 2389 1819 2417 consilii:

1155 2438 1278 2466 Turbati
1301 2440 1439 2476 erigimus
1460 2439 1540 2466 Deus
1563 2437 1600 2465 ad
1623 2443 1652 2466 te
1676 2439 1785 2466 lumina
1806 2440 1919 2476 cordis‚'·

1209 2488 1315 2516 Nostra
1339 2494 1475 2526 tuamque
1497 2488 1570 2516 fides
1592 2489 1678 2516 solius
1702 2495 1763 2516 orat
1787 2498 1883 2527 opem.

1156 2539 1201 2567 Tu
1227 2548 1297 2576 rege
1320 2540 1444 2567 consiliis
1467 2545 1562 2574 actus,
1592 2545 1675 2575 pater
1698 2540 1822 2576 optime,
1850 2545 1970 2577 nostros,

1211 2591 1348 2619 Nostrum
1371 2600 1443 2628 opus
1466 2596 1496 2617 ut
1521 2589 1598 2617 laudi
1621 2590 1725 2618 serviat
1748 2600 1834 2620 omne
1857 2598 1932 2620 tuae.

1389 2679 1473 2718 23*
