2409 2915
60 105 136 142 257
610 103 690 138 ΧΗ.

61 190 199 234 copiose
230 191 453 223 declarantur
489 191 524 224 2.
550 186 712 223 Corinth.
738 188 790 223 3.:
826 187 1041 222 Sufficientia
1067 200 1070 208 ·

62 247 178 274 nostra
203 253 242 273 ex
263 241 333 274 Deo
355 246 420 280 est,
444 240 503 284 qui
525 240 605 273 fecit
621 250 682 271 nos
701 239 847 271 idoneos
864 239 1042 272 ministros
1067 210 1070 261 l

61 292 146 324 novi
174 290 407 330 Testamenti,
441 302 513 322 non
542 290 663 323 literae
693 290 752 322 sed
783 289 936 333 spirituS.
996 287 1043 322 Et

61 339 190 384 Ephes.
211 341 261 374 4.;
289 339 336 374 Et
358 340 429 383 ipse
454 340 551 374 dedit
573 340 660 373 alios
684 339 825 384 quidem
846 338 1043 383 Apostolos,

61 391 148 424 alios
180 404 261 424 vero
285 388 496 434 Prophetas,
531 390 693 424 Pastores
724 396 756 422 et
780 389 968 428 Doctores,
1003 396 1043 423 ut

61 442 260 474 aedificetur
282 438 457 482 Ecclesia,
481 453 544 474 nec
567 441 775 474 fluctuemus
799 440 917 483 agitati
941 441 1042 473 falla-

62 492 159 525 cibus
183 491 376 534 praestigiis
399 498 481 530 etc.,
511 491 687 535 promittit
713 491 815 524 etiam
834 503 905 523 sese
922 492 1043 524 adfore

58 541 323 584 opitulatorem:
368 540 580 586 Ubicunque
612 543 683 574 duo
718 547 776 574 aut
803 548 870 574 tres
896 553 1042 584 congre·
1067 543 1070 596 ᾗ

59 592 129 633 gati
153 599 255 625 erunt
277 592 314 624 in
337 593 480 625 nomine
497 604 594 633 meo,
622 593 659 624 in
677 591 792 624 medio
813 604 933 625 eorum
952 604 1041 626 sum.

60 641 163 675 Item:
191 641 265 685 Ego
285 654 362 676 sum
379 643 559 677 vobiscum
578 654 688 688 usque
705 643 746 675 ad
767 642 1042 676 consummatio-

59 704 140 725 nem
159 693 266 726 seculi
284 700 347 726 etc.

159 758 253 793 Haec
286 760 403 793 omnia
435 767 516 793 sunt
552 758 617 793 hoc
649 760 724 793 loco
757 761 961 803 cogitanda,
1003 766 1042 794 ut

57 821 284 854 agnoscamus
308 811 585 854 magnitudinem
614 809 718 844 huius
741 811 853 843 divini
876 811 1042 852 muneris,

59 872 214 894 amemus
230 868 262 895 et
280 874 487 894 veneremur
505 861 739 894 ministerium
751 860 952 904 Evangelii,
979 873 1042 894 au-

57 912 193 945 diamus
206 937 214 950 ‚
243 918 275 945 et
292 924 371 945 vere
388 913 569 945 credamus
585 911 651 944 Dei
669 923 796 945 munus
815 923 904 952 esse,
932 919 963 945 et
981 923 1042 955 per

58 960 149 995 hanc
173 961 359 1006 Evangelii
381 975 520 1002 vocem,
554 963 714 1007 quamvis
736 969 885 1006 spretam
909 963 952 996 ab
976 962 1043 994 im-
1068 951 1069 982 l

57 1013 145 1057 piis,
180 1020 296 1046 tamen
323 1025 402 1046 vere
428 1013 527 1046 reddi
552 1013 659 1045 vitam
684 1020 858 1046 aeternam
883 1013 946 1053 iis,
981 1012 1042 1057 qui

59 1075 134 1096 eam
159 1064 428 1107 amplectuntur.
484 1062 644 1107 Apostoli
669 1064 893 1107 expectabant
918 1063 1042 1096 mundi

58 1114 264 1158 imperium,
299 1121 331 1146 et
354 1114 578 1147 somniabant
602 1115 693 1151 sore,
727 1121 765 1147 ut
790 1114 856 1146 iam
881 1111 1042 1147 Christus
1068 1125 1070 1129 ⁴

58 1165 168 1208 pulsis
184 1164 358 1198 Romanis
376 1164 556 1208 praesidiis
574 1171 757 1208 occuparet
774 1164 935 1197 Iudaeam
947 1191 955 1205 ‚
983 1166 1042 1196 de-

59 1215 142 1247 inde
164 1215 394 1248 adiuncturus
419 1222 566 1248 caeteras
591 1215 807 1257 provincias,
835 1226 873 1247 ac
896 1215 1043 1258 imposi-
1068 1216 1070 1227 ³

58 1273 158 1299 turus
184 1265 231 1298 eis
256 1266 463 1308 Apostolos,
490 1272 528 1298 ut
551 1265 750 1297 Alexander
774 1265 844 1297 suis
869 1265 1044 1297 commili—
1068 1272 1071 1279 ·

60 1315 204 1348 tonibus
239 1316 383 1348 tradidit
412 1316 579 1358 regendas
613 1315 821 1358 provincias.
890 1314 958 1348 Sed
987 1313 1044 1347 hic

57 1366 206 1399 audiunt
231 1366 392 1410 Apostoli
425 1365 526 1408 longe
559 1366 662 1398 aliam
692 1377 828 1398 vocem:
865 1364 963 1398 Sicut
988 1377 1043 1397 me

57 1416 152 1449 misit
169 1423 285 1460 pater,
312 1416 443 1449 scilicet
461 1417 504 1448 ad
522 1414 983 1457 docendumEvangelium,
1012 1423 1044 1448 et
1069 1417 1071 1422 “

58 1467 280 1500 sustinendas
305 1478 490 1499 aerumnas
515 1478 599 1510 quas
623 1467 735 1499 adfert
756 1466 944 1506 confessio,
972 1478 1044 1499 non

57 1523 96 1550 ut
119 1518 224 1550 armis
251 1517 438 1560 imperium
465 1517 690 1550 constituam:
721 1517 765 1550 ita
788 1523 821 1550 et
844 1528 904 1549 vos
928 1516 1045 1557 mum,

57 1575 89 1602 et
107 1568 278 1612 polliceor
295 1566 409 1601 Deum
426 1579 508 1600 voce
519 1565 704 1610 Evangelii
722 1567 926 1601 adfuturum
944 1578 1027 1600 esse.
1069 1568 1071 1607 ξ

160 1634 257 1669 Haec
290 1635 412 1668 concio
444 1635 527 1668 satis
550 1636 650 1668 (locet
676 1647 748 1667 non
774 1635 874 1677 fungi
901 1646 1044 1667 munere

58 1684 188 1721 Christi
217 1686 414 1729 pontifices,
456 1685 516 1729 qui
550 1697 622 1717 non
649 1686 775 1718 docent
801 1683 1046 1726 Evangelium,

61 1738 118 1770 sed
144 1737 331 1780 imperium
358 1736 634 1775 constituerunt,
663 1742 695 1768 et
719 1735 832 1769 cultus
850 1735 1045 1768 defendunt

60 1793 255 1831 pugnantes
279 1799 356 1819 cum
371 1785 576 1829 Evangelio.
631 1785 712 1818 Pios
738 1797 818 1818 vero
844 1785 944 1818 valde
961 1797 1044 1818 con—

59 1838 195 1878 firmat,
224 1845 296 1869 tum
322 1838 501 1879 doctores,
529 1843 604 1869 tum
630 1836 820 1869 auditores.
873 1834 1045 1869 Diabolus

61 1895 93 1922 et
116 1888 190 1921 eius
213 1899 343 1931 organa
364 1887 581 1920 immanitate
598 1887 669 1919 odii
689 1887 825 1920 infinita
841 1887 965 1919 ardent
983 1887 1045 1919 ad-

59 1950 180 1972 versus
203 1937 448 1980 Evangelium.
519 1936 600 1970 Ideo
625 1937 725 1970 multi
753 1943 912 1979 potentes
936 1944 968 1970 et
991 1948 1045 1969 sa—

62 1990 194 2033 pientes
212 1989 344 2021 bellum
361 1995 486 2032 gerunt
503 2000 581 2021 cum
597 1986 812 2031 Evangelio,
838 1988 896 2020 sed
913 1987 962 2031 pii
982 1988 1046 2020 do-
1069 2014 1071 2018 .

60 2047 171 2073 ctores
194 2037 259 2073 hac
283 2051 317 2072 se
343 2051 425 2072 voce
449 2045 659 2073 sustentent:
689 2037 787 2072 Sicut
803 2037 895 2071 misit
912 2050 966 2070 me
985 2049 1046 2081 pa-

62 2098 125 2124 ter.
190 2089 297 2123 Adest
320 2088 415 2122 Deus
441 2087 523 2123 huic
548 2089 712 2127 militiae,
749 2090 827 2122 ideo
853 2100 925 2121 non
950 2089 1046 2121 sran-

62 2148 189 2182 gantur
221 2140 329 2171 animi
355 2139 495 2173 iudiciis
519 2139 653 2172 mundi.
723 2140 915 2173 Auditores
941 2139 1044 2172 etiam

62 2191 172 2223 sciant
199 2202 271 2222 non
296 2201 367 2222 esse
385 2190 524 2222 inanem
543 2190 697 2223 fabulam
712 2217 719 2231 ,
748 2189 810 2223 has
828 2197 898 2223 tam
913 2189 1046 2221 miran-
1069 2178 1072 2245 i

62 2242 123 2275 das
150 2243 336 2274 conciones
360 2241 401 2273 de
427 2240 495 2273 vita
520 2247 678 2278 aeterna,
706 2242 748 2274 de
767 2241 885 2274 futuro
904 2239 1046 2277 iudicio,
1070 2250 1073 2281 ξ

62 2293 106 2325 de
137 2292 342 2325 remissione
373 2298 593 2334 peccatorum
618 2297 681 2324 etc.
745 2291 814 2325 Sed
847 2291 955 2323 sciant
982 2290 1073 2341 ἱππ-ἰ

63 2354 180 2375 mensa
208 2343 364 2375 bonitate
381 2339 446 2374 Dei
471 2342 613 2374 electam
630 2352 700 2373 csse
718 2339 908 2374 Ecclesiam
926 2353 943 2373 a
962 2339 1048 2379 Deo,

63 2405 166 2438 quam
195 2394 277 2426 velit
304 2390 370 2425 hoc
396 2392 548 2425 mirabili
574 2394 676 2424 modo
697 2392 761 2424 sibi
782 2392 989 2433 adiungere,
1017 2398 1047 2423 et

64 2444 188 2476 donari
209 2443 357 2477 aeternis
375 2443 487 2477 bouis.

460 2551 503 2574 De
533 2550 652 2574 tertio.

1071 2479 1075 2580 ἲ

168 2611 346 2645 Summam
365 2609 550 2654 Evangelii
569 2610 672 2645 ethic
690 2619 722 2644 et
742 2611 777 2643 in
797 2610 923 2643 ultimo
940 2609 1050 2652 capite
1073 2607 1075 2622 ¹

69 2661 180 2694 Lucae
204 2662 405 2706 complexus
429 2669 479 2696 est
496 2659 675 2696 Christus.
703 2674 807 2706 quam
834 2666 970 2704 oportet
995 2660 1049 2692 in-

485 2715 566 2746 Voc.
593 2715 686 2745 xlv.

123 2713 298 2747 ΜειΑκτιι.
328 2714 430 2747 Orza,

730 100 1060 137 ANNOTATION
1068 100 1120 135 Es
1151 100 1198 134 lN
1224 99 1519 136 EVANGELIA.

2000 110 2074 146 258

1093 186 1193 218 fixam
1212 196 1283 217 esse
1301 185 1445 225 animiS‚
1473 194 1509 220 ut
1525 187 1711 223 discrimen
1728 202 1863 236 semper
1877 194 1972 228 sitin
1989 207 2073 229 con-

1093 243 1211 279 spectu
1233 235 1325 268 inter
1347 237 1542 269 doctrinam
1562 236 1735 274 humanae
1754 244 1919 285 rationis,
1946 245 2072 289 Legem

1093 292 1126 319 et
1149 283 1390 328 Evangelium.
1454 286 1633 320 Mirantur
1656 292 1828 334 sapientes
1850 295 1933 339 quid
1958 303 2073 330 tanto-

1094 347 1173 380 pere
1203 336 1334 369 iactitet
1359 334 1515 369 Ecclesia
1548 338 1722 381 singulare
1748 354 1856 385 genus
1879 346 2073 390 doctrinae,

1093 398 1171 419 cum
1213 386 1356 419 videant
1392 398 1409 419 a
1448 387 1753 431 legumlatoribus,
1801 397 1999 430 oratoribus
2041 405 2074 432 et

1094 434 1313 481 philosophis
1342 437 1537 470 doctrinam
1560 439 1604 471 de
1627 440 1816 475 virtutibus
1841 447 2075 481 eruditissime

1093 487 1256 521 traditam
1289 499 1371 520 esse.
1424 487 1588 533 Plerique
1619 491 1730 523 multo
1763 492 1928 528 libentius
1955 497 2074 539 legunt

1092 536 1217 571 Ethica
1241 535 1460 577 Aristotelis,
1488 546 1547 572 aut
1571 537 1698 573 Officia
1714 540 1911 585 Ciceronis,
1938 554 1998 580 aut
2017 547 2075 580 lu-

1093 588 1383 622 risconsultorum
1399 589 1509 629 dicta,
1537 602 1641 634 quam
1658 589 1902 636 Evangelium.
1957 596 2075 639 Quor-

1093 651 1189 679 sum,
1217 638 1404 683 inquiunt,
1432 651 1520 683 opus
1536 647 1585 673 est
1601 638 1664 674 hac
1680 644 1886 677 confusanea
1906 646 2076 689 doctrina,

1094 701 1182 733 quae
1206 689 1362 722 continet
1387 690 1563 723 interdum
1590 693 1777 726 sententias
1794 695 2039 731 dissentientes
2057 711 2075 732 a

1093 740 1188 773 civili
1213 740 1467 773 consuetudine
1492 741 1606 774 vitae?
1659 741 1727 776 Aut
1751 745 1835 789 quid
1860 747 1943 780 novi
1966 749 2075 782 tradi-

1094 797 1150 823 tur
1168 790 1204 822 in
1222 788 1445 833 Evangelio?

1198 864 1292 898 Haec
1311 864 1465 899 humana
1480 867 1607 901 iudicia
1620 878 1776 903 accurate
1788 871 1972 906 refutanda
1985 882 2077 915 sunt,

1095 922 1128 950 et
1146 916 1416 950 discernendum
1435 924 1484 951 est
1501 917 1731 961 Evangelium
1753 922 1796 953 ab
1815 923 1980 957 omnibus
1999 925 2076 958 aliis

1094 967 1279 1009 generibus
1302 967 1564 1006 doctrinarum,
1592 981 1609 1001 a
1637 967 1880 1015 philosophia,
1907 985 1924 1006 a
1943 975 2076 1017 legibus

1095 1017 1276 1055 civilibus,
1309 1029 1327 1049 a
1362 1015 1557 1051 Mahometi
1588 1020 1836 1062 opinionibus,
1872 1035 1890 1056 a
1925 1023 2077 1059 Iudaicis

1068 1095 1070 1112 Ι
1094 1068 1244 1102 iudiciis.
1293 1066 1477 1101 Humanae
1493 1071 1602 1103 menti
1620 1071 1723 1104 insita
1743 1079 1790 1105 est
1805 1075 1974 1118 quaedam
1992 1076 2077 1119 legis

1068 1147 1069 1161 ζ
1095 1118 1245 1161 noticia,
1273 1118 1307 1150 id
1327 1125 1394 1159 est,
1422 1119 1610 1153 discrimen
1628 1118 1854 1156 honestarum
1872 1131 1904 1158 et
1921 1127 2076 1170 turpium

1068 1203 1069 1208 ¹
1095 1169 1290 1209 actionum,
1318 1180 1375 1202 seu
1394 1172 1678 1213 praestandarum
1696 1174 1872 1207 actionum
1892 1181 1923 1208 et
1940 1176 2078 1220 fugien-

1068 1250 1071 1258 ,
1096 1220 1240 1259 darum,
1275 1219 1436 1254 videlicet
1467 1221 1662 1259 actionum,
1698 1235 1845 1267 quarum
1872 1237 1996 1269 genera
2022 1240 2078 1261 re-

1096 1277 1280 1303 censentur
1299 1270 1334 1301 in
1347 1268 1534 1314 Decalogo.
1576 1270 1629 1305 Ex
1646 1270 1708 1305 hac
1726 1274 1810 1316 legis
1828 1277 1986 1310 doctrina
2002 1285 2078 1311 orta

1096 1327 1147 1353 est
1171 1317 1415 1363 philosophia,
1454 1329 1483 1355 et
1513 1328 1614 1355 natae
1639 1330 1720 1356 sunt
1747 1325 1866 1358 civiles
1892 1333 1926 1360 et
1949 1326 2079 1361 Maho-

1096 1370 1240 1403 meticae
1267 1382 1305 1403 ac
1331 1369 1491 1404 Iudaicae
1519 1373 1713 1415 opiniones.
1781 1373 1826 1408 Et
1850 1383 1887 1409 ut
1912 1389 2078 1412 numero-

1098 1432 1175 1453 rum
1207 1421 1335 1453 noticia
1365 1422 1529 1454 omnibus
1560 1420 1767 1456 hominibus
1798 1428 1994 1461 communis
2019 1436 2080 1467 est,

1097 1471 1178 1515 quia
1209 1471 1391 1504 nobiscum
1430 1473 1603 1513 nascitur,
1638 1475 1684 1506 ita
1717 1478 1913 1510 communis
1943 1485 1992 1512 est
2020 1479 2080 1513 illa

1096 1522 1210 1564 legum
1234 1522 1364 1555 noticia
1380 1523 1545 1556 omnibus
1564 1521 1777 1559 hominibus.

1199 1597 1266 1631 Sed
1287 1598 1389 1641 longe
1406 1599 1472 1632 alia
1490 1605 1540 1632 est
1550 1598 1733 1643 Evangelii
1753 1616 1828 1645 vox,
1855 1617 1957 1649 quam
1969 1605 2080 1641 Filius

1097 1646 1162 1680 Dei
1180 1660 1220 1681 ex
1237 1648 1315 1681 sinu
1330 1649 1436 1692 patris
1453 1650 1619 1682 revelavit
1635 1648 1789 1685 humano
1808 1655 1938 1696 generi.
1989 1656 2078 1690 Cum

1070 1731 1071 1734 Ἴ
1097 1698 1210 1730 Adam
1238 1698 1355 1742 lapsus
1379 1705 1579 1741 agnosceret
1597 1711 1631 1732 se
1648 1701 1716 1733 iam
1734 1714 1832 1736 reum
1850 1716 1921 1738 esse
1937 1705 2008 1739 irae
2024 1708 2079 1740 di-

1097 1749 1198 1781 vinae
1214 1755 1245 1782 et
1260 1756 1419 1782 aeternae
1437 1750 1559 1783 mortis
1571 1776 1578 1789 ,
1607 1762 1678 1783 nou
1695 1760 1829 1795 poterat
1845 1761 1994 1790 statuere
2012 1757 2080 1791 sibi

1098 1799 1248 1841 ignosci,
1282 1811 1317 1832 se
1348 1800 1457 1843 recipi
1486 1800 1523 1832 in
1551 1801 1717 1843 gratiam,
1754 1803 1820 1837 sibi
1848 1807 1947 1839 reddi
1972 1807 2078 1841 vitam

1096 1856 1285 1883 aeternam.
1348 1849 1430 1883 Ideo
1456 1851 1592 1894 prolata
1614 1858 1664 1884 est
1689 1864 1779 1885 nova
1803 1857 2007 1899 promissio,
2042 1859 2078 1891 in

1068 1917 1071 1949 ἶ
1097 1912 1164 1944 qua
1190 1906 1333 1933 testatus
1357 1907 1406 1934 est
1423 1899 1538 1939 Deus,
1565 1912 1600 1933 se
1625 1909 1768 1946 propter
1789 1907 1966 1950 quoddam
1994 1921 2079 1942 ven-

1069 1980 1070 1987 ,
1096 1957 1215 1983 turum
1234 1962 1351 1983 semen
1369 1951 1521 1994 recipere
1536 1951 1696 1986 homines
1713 1954 1750 1986 in
1766 1957 1924 1998 gratiam,
1951 1965 1984 1992 et
1999 1961 2078 1993 red-

1069 2023 1071 2031 ,
1097 2001 1254 2033 diturum
1279 2013 1350 2034 esse
1374 2002 1480 2034 vitam
1498 2009 1673 2035 aeternam
1693 2004 1753 2047 iis,
1784 2007 1843 2050 qui
1864 2007 1988 2042 fiducia
2005 2011 2079 2043 eius

1098 2051 1339 2094 promissionis
1357 2051 1471 2095 ipsum
1489 2052 1683 2086 invocaturi
1700 2063 1810 2089 erant.

1862 2057 1982 2103 anue
1997 2073 2079 2105 pro-

1070 2122 1071 2139 ;
1098 2101 1216 2134 missio
1245 2102 1394 2135 subinde
1418 2103 1527 2145 magis
1551 2103 1723 2138 declarata
1750 2114 1799 2140 est
1827 2119 1888 2150 per
1905 2108 2022 2144 Patres
2045 2118 2078 2145 et

1070 2167 1071 2176 π
1097 2150 1309 2195 Prophetas,
1336 2159 1374 2186 ut
1397 2153 1433 2185 in
1450 2152 1616 2194 Psalmis,
1645 2152 1768 2197 Esaia,
1790 2157 1939 2192 Daniele
1963 2168 1995 2195 et
2013 2160 2080 2194 Za-

1098 2200 1215 2236 charia
1236 2203 1406 2239 videmus.
1459 2203 1619 2237 Tandem
1638 2218 1718 2239 vero
1738 2219 1798 2250 per
1816 2208 1929 2251 ipsum
1947 2209 2077 2245 Filium

1097 2252 1181 2291 Dei,
1216 2254 1276 2298 qui
1309 2254 1499 2297 promissus
1534 2256 1665 2294 suerat,
1698 2257 1887 2292 clarissime
1919 2269 2078 2296 enarrata

1099 2311 1166 2342 est,
1201 2312 1233 2338 et
1265 2316 1325 2348 per
1359 2303 1547 2348 Apostolos
1579 2317 1694 2349 sparsa
1728 2307 1763 2340 in
1797 2321 1919 2343 omnes
1951 2319 2076 2354 gentes

1098 2354 1260 2388 Humana
1285 2367 1381 2387 mens
1406 2367 1477 2387 non
1503 2353 1607 2388 habet
1631 2357 1769 2390 insitam
1792 2356 1881 2393 hanc
1901 2363 2078 2403 noticiam,

1099 2405 1211 2439 Deum
1235 2406 1325 2439 velle
1341 2406 1444 2449 gratis
1462 2418 1526 2438 nos
1547 2407 1699 2450 recipere
1716 2409 1751 2441 in
1769 2411 1930 2453 gratiam,
1960 2414 2080 2447 remit-

1099 2464 1170 2490 tere
1197 2465 1332 2499 peccata
1360 2463 1501 2500 propter
1522 2455 1670 2497 Filium,
1698 2466 1730 2492 et
1756 2467 1896 2503 propter
1919 2474 1995 2495 eum
2021 2475 2079 2497 ex-

1099 2507 1223 2540 audire
1250 2519 1331 2548 nos,
1367 2514 1399 2540 et
1423 2515 1516 2540 certo
1544 2508 1645 2540 nobis
1670 2511 1814 2542 reddet-e
1840 2511 1944 2545 vitam
1970 2520 2079 2548 aeter·

1100 2570 1194 2593 nam.
1247 2558 1342 2591 Haec
1369 2558 1473 2601 igitur
1497 2558 1666 2591 sententia
1693 2559 1809 2601 ignota
1836 2558 2010 2597 humanae
2027 2576 2080 2598 ra-

1101 2610 1208 2647 tioni,
1245 2609 1411 2652 patefacta
1437 2615 1485 2640 est
1512 2621 1593 2640 voco
1618 2607 1703 2647 Dei,
1737 2611 1887 2653 primum
1913 2614 1948 2646 in
1975 2614 2082 2648 Para-

1102 2661 1203 2703 diso,
1240 2672 1276 2692 ac
1310 2660 1492 2698 deinceps,
1526 2665 1562 2690 ut
1595 2659 1725 2691 dictum
1759 2668 1826 2703 est,
1863 2675 1923 2707 per
1955 2664 2083 2706 Patres,

1417 2708 1458 2742 17
