2409 2915
288 110 335 145 99

890 101 1014 136 PHlL.
1043 99 1157 136 MEL.
1187 97 1396 135 SCRIPTA
1425 96 1720 134 EXEGETlCA.

2245 98 2315 133 100

294 195 413 227 dinem
439 204 516 226 cum
537 190 739 228 divinitate,
766 188 801 220 in
821 199 889 233 qna
907 187 1002 222 Deus
1020 187 1086 220 erit
1102 186 1220 219 omnia
1241 187 1275 218 in
1301 198 1303 223 ς
1327 184 1435 217 remia
1454 190 1487 217 et
1501 184 1677 218 similibus
1693 196 1830 227 semper
1848 196 1926 217 cum
1944 184 2144 218 obedientia
2164 183 2316 218 coniun-

294 245 472 278 omnibus.
525 242 599 276 Hac
617 241 685 272 fide
703 239 920 282 obtemperet
930 236 1025 278 Deo,
1051 244 1145 271 recta
1163 237 1277 274 faciat,
1300 230 1305 283 l
1329 242 1402 268 ctae
1420 241 1502 268 sunt
1521 232 1586 268 hae
1606 235 1769 273 virtutes,
1797 235 1881 268 fides
1899 241 1930 267 et
1949 246 2045 279 spes,
2072 241 2106 268 et
2121 232 2187 268 hae
2202 235 2315 268 virtu-

295 302 327 328 et
354 294 547 338 acquiescat
570 292 605 323 in
623 289 717 330 Deo,
744 300 817 322 non
839 289 1101 332 indignatione,
1130 300 1202 321 non
1217 289 1278 319 de·
1302 287 1304 324 ζ

295 346 491 387 speratione
514 341 654 375 abiiciat
678 340 792 374 officia
817 340 1027 380 vocationis,
1055 351 1126 372 non
1147 346 1223 372 ruat
1242 337 1278 370 in
1304 380 1305 386 ἵ

295 400 508 428 contemtum
528 391 595 426 Dei
610 389 837 436 Epicureum.

396 477 472 512 Hac
502 476 745 511 admonitione
776 476 819 508 de
852 486 918 507 usu
941 475 1023 507 libri
1049 475 1280 514 considerata,

297 530 397 562 lectio
421 536 454 562 et
477 529 585 571 magis
608 527 788 572 perspicua
814 532 847 558 et
872 525 1010 558 dulcior
1033 526 1115 566 erit,
1142 538 1180 558 ac
1198 537 1278 568 pro-

296 581 484 624 pemodum
509 590 643 612 summa
668 576 782 620 operis
805 575 1007 609 continetur
1024 576 1060 608 in
1079 574 1133 609 his
1149 576 1280 609 dulcis-

296 631 393 664 simis
419 630 548 673 regulis
575 628 676 663 vitae.
737 626 876 659 Psalmo
901 626 976 661 36.:
1012 626 1184 661 Subditus
1208 633 1280 659 esto

295 680 389 721 Deo,
421 687 454 714 et
477 691 537 712 ora
563 690 654 712 eum.

296 737 328 764 et
356 742 456 774 spera
488 730 526 761 in
557 741 654 769 eum,
688 735 720 761 et
749 726 824 773 ipse
850 727 962 763 faciet.
1027 726 1180 772 Expecta
1205 726 1280 761 Do-

296 782 453 821 minum,
481 787 514 813 et
532 779 668 814 custodi
687 779 779 812 viam
797 779 883 811 eius.
940 777 1030 812 lacta
1048 791 1168 812 curam
1185 786 1280 812 tuam

296 832 333 864 in
357 830 570 872 Dominum,
607 837 640 864 et
671 829 744 873 ipse
773 836 806 862 te
829 829 1050 863 sustentabit.
1120 828 1281 862 Primum

296 883 452 927 quaerite
467 894 614 925 regnum
629 879 713 920 Dei,
741 887 774 913 et
792 887 923 914 caetera
940 880 1151 913 adiicieutur
1170 881 1281 914 vobis.

295 932 347 966 Ne
371 933 446 967 sitis
469 932 597 966 soliciti
618 933 660 965 de
683 931 854 970 crastino,
882 931 1008 964 sufficit
1030 931 1100 964 diei
1125 931 1280 964 afflictio.

296 982 365 1017 Fac
385 984 592 1024 necessaria,
619 990 651 1016 et
668 988 744 1026 pete
760 994 799 1015 ac
815 989 955 1027 expecta
975 982 1146 1016 auxilium
1163 993 1181 1014 a
1196 980 1282 1023 Deo,

297 1046 360 1067 nec
382 1046 522 1067 moveas
541 1046 614 1067 non
629 1032 831 1066 necessaria.
881 1032 949 1067 Sed
968 1033 1108 1066 intuens
1128 1033 1163 1065 in
1183 1044 1281 1065 man-

298 1087 377 1118 data
410 1085 494 1124 Dei,
539 1084 628 1118 hanc
659 1095 819 1117 normam
852 1084 1025 1128 sequaris,
1060 1091 1092 1117 et
1124 1084 1211 1116 scias
1242 1096 1281 1116 ex

296 1134 490 1179 Evangelio
525 1136 658 1179 placere
693 1134 932 1168 obedientiam
966 1141 1109 1178 propter
1142 1133 1279 1167 Media-

297 1194 426 1227 torem‚
460 1193 491 1219 et
518 1198 579 1230 per
603 1198 681 1219 eum
707 1197 745 1218 ac
772 1192 916 1230 propter
939 1198 1017 1219 eum
1043 1185 1180 1218 labores
1205 1192 1282 1219 tuos

298 1238 372 1270 sore
393 1237 580 1275 salutares,
605 1237 693 1270 sicut
719 1236 851 1280 inquit:
884 1236 969 1270 Sine
991 1249 1046 1270 me
1071 1233 1161 1268 nihil
1187 1243 1282 1279 pote-

297 1288 357 1320 stis
389 1288 512 1321 sacere.
574 1285 620 1320 Et
645 1286 776 1320 Paulus
807 1287 937 1331 inquit:
973 1285 1053 1320 Non
1078 1287 1144 1320 erit
1168 1287 1284 1319 inanis

296 1339 396 1371 labor
419 1346 532 1373 vester
552 1338 590 1370 in
607 1338 778 1372 Domino.
831 1335 967 1371 Efficiet
986 1337 1059 1381 ipse
1078 1337 1190 1370 Filius
1204 1336 1283 1380 Dei,

297 1396 334 1423 ut
352 1400 473 1423 cursus
491 1396 571 1422 tuus
588 1386 901 1432 prositEcclesiae‚
929 1389 1017 1421 sicut
1032 1388 1200 1431 scriptum
1217 1396 1282 1421 est:

298 1440 486 1480 Ascendit,
534 1440 632 1472 dedit
673 1440 765 1472 dona
803 1436 1028 1480 hominibus,
1082 1437 1284 1483 Prophetas,

299 1489 507 1535 Apostolos,
542 1491 702 1523 doctores
720 1497 782 1524 etc.
842 1487 888 1523 Et
914 1490 950 1523 in
973 1489 1113 1523 Psalmo
1139 1490 1283 1524 dicitur:

300 1541 370 1584 Qui
389 1542 448 1575 dat
464 1541 612 1575 salutem
631 1541 782 1584 regibus.

401 1626 473 1659 Has
490 1626 748 1660 consolationes
764 1637 860 1659 veras
876 1633 908 1660 et
925 1626 1093 1659 salutares
1112 1638 1195 1666 esse,
1221 1627 1284 1658 bo-

297 1689 361 1710 nae
387 1683 520 1710 mentes
545 1675 758 1718 intelligunt.
811 1675 855 1709 Et
879 1676 960 1720 quia
980 1688 1104 1718 magna
1124 1688 1202 1719 pars
1221 1675 1282 1708 ha-

297 1741 373 1761 rum
404 1727 687 1761 consolationum
721 1726 873 1770 pertinet
902 1727 944 1759 ad
978 1727 1162 1767 virtutem,
1196 1738 1284 1772 quae

296 1779 501 1812 nominatur
524 1777 715 1817 Patientia,
749 1777 903 1811 breviter
926 1777 1028 1810 initio
1052 1785 1084 1811 et
1106 1775 1196 1810 hanc
1222 1778 1283 1810 ad-

296 1829 531 1862 monitionem
562 1828 700 1862 addam.
761 1826 892 1861 Notum
925 1828 968 1860 sit
999 1828 1187 1861 discrimen
1221 1840 1283 1871 pa-

298 1879 441 1913 tientiae
481 1875 745 1922 philosophicae
780 1885 811 1911 et
841 1875 1076 1914 Christianae.
1139 1877 1281 1911 Patien—

295 1931 342 1963 tia
371 1926 614 1973 philosophica
646 1935 698 1962 est
719 1929 863 1961 obedire
889 1929 1015 1961 rationi
1041 1930 1076 1961 in
1106 1930 1282 1972 perferen-

296 1981 350 2014 dis
369 1981 410 2013 iis
426 1980 605 2013 laboribus
621 1986 653 2012 ct
668 1980 847 2011 aerumnis
863 1991 948 2024 quas
965 1980 1059 2013 iubet
1078 1981 1166 2013 ratio
1182 1981 1282 2020 serre,

294 2082 438 2116 scientia
457 2081 631 2114 moderari
650 2081 820 2113 dolorem.
863 2079 1045 2114 Interdum
1064 2089 1179 2114 autem
1197 2080 1280 2115 haec

294 2129 538 2178 philosophica
569 2131 736 2176 patientia
767 2138 816 2165 est
851 2131 924 2164 sine
957 2132 1028 2164 ulla
1063 2144 1122 2176 spe
1146 2133 1281 2173 auxilii,

1304 407 1305 412 ,
1332 385 1402 419 Pax
1419 383 1484 419 Dei
1501 387 1673 421 custodiat
1693 387 1797 419 corda
1818 394 1941 421 vestra.

1307 2006 1309 2023 Ι

295 2039 328 2065 et
354 2029 444 2064 nihil
467 2031 577 2063 facere
601 2037 720 2062 contra
746 2029 938 2069 iusticiam,
965 2037 997 2063 et
1015 2028 1078 2063 hac
1095 2031 1178 2064 recti
1196 2044 1281 2064 con-
1305 2054 1309 2189 ί

295 2196 374 2217 cum
400 2183 561 2217 videlicet
581 2182 667 2216 ratio
689 2194 759 2215 non
778 2182 931 2216 ostendit
949 2183 1117 2215 auxilinm
1135 2191 1194 2217 ant
1214 2184 1280 2216 wi-

293 2235 496 2278 tigationom
523 2241 602 2267 ante
625 2240 794 2273 mortem,
820 2241 857 2266 nt
880 2233 1070 2274 Aristides,
1097 2233 1279 2274 Camillus,

291 2298 402 2331 aequo
427 2285 545 2317 animo
568 2285 685 2318 serunt
711 2285 858 2318 iniurias
883 2292 914 2318 et
941 2285 1062 2326 exilia,
1090 2297 1152 2319 nec
1175 2298 1277 2330 expc—

291 2343 384 2370 ctant
401 2335 571 2369 auxilinm
590 2347 606 2368 a
625 2333 711 2370 Deo.

1305 2235 1306 2241 κ
1334 2222 1399 2248 tur.

1304 2273 1305 2277 ’
1333 2265 1501 2299 Salomon
1519 2264 1601 2299 hnic
1618 2266 1833 2300 dubitationi
1854 2267 1984 2300 mederi
2004 2266 2099 2299 velit.

1329 292 1397 323 tes,
1425 285 1510 318 fides
1524 292 1557 319 et
1570 297 1647 329 spes
1663 286 1813 328 gignunt
1830 285 2000 319 laeticiam
2017 286 2054 318 in
2071 286 2193 326 corde,
2220 285 2315 318 iuxta

1331 335 1391 368 illa
1415 336 1523 369 dicta:
1552 335 1732 370 [ustificati
1757 336 1824 368 fide
1839 348 1957 380 pacem
1976 334 2158 370 habemus.
2212 335 2313 369 ltem:

1993 386 2073 420 Huc
2090 385 2241 430 pertinet
2259 398 2316 418 re-

1331 437 1410 480 gula
1435 435 1583 470 Paulina
1609 438 1736 481 scripta
1763 437 1805 470 ad
1829 435 2179 471 Thessalonicenses:
2215 436 2317 471 Sem-

1334 499 1393 530 per
1414 489 1580 530 gaudete,
1607 489 1821 521 incessanter
1843 495 1959 529 orate,
1986 489 2023 521 in
2046 489 2213 521 omnibus
2239 498 2318 531 gra—

1333 539 1396 571 tias
1411 538 1510 581 agite.
1557 538 1604 573 Ut
1622 546 1737 572 autem
1755 535 1840 571 haec
1856 538 1941 571 fides
1957 540 2168 573 accendatur
2184 539 2221 571 in
2239 549 2318 571 cor-

1333 589 1437 622 dibus
1469 589 1616 627 nostris,
1651 601 1788 622 necesse
1813 595 1863 622 est
1886 601 1988 622 nosse
2014 587 2246 633 Evangelium
2275 590 2318 621 de

1079 678 1086 684 .
1306 663 1307 675 ;
1333 639 1537 672 remissione
1557 648 1794 684 peccatorum,
1823 647 1855 673 et
1872 641 1914 672 de
1934 640 2219 673 reconciliatione
2237 652 2318 682 pro-

709 676 926 711 Commenda
953 675 1028 710 Deo
1053 689 1146 710 Viam
1171 684 1280 717 tuam,
1306 699 1307 703 ,

1334 697 1409 734 pter
1433 689 1664 724 Mediatorem
1692 690 1824 724 Filium
1847 689 1912 723 Dei
1935 689 2129 723 Dominum
2158 696 2318 724 nostrum

1336 740 1447 774 lesum
1480 737 1672 775 Christum.
1724 741 1829 774 Hunc
1862 741 2022 775 intuetur
2052 741 2154 781 fides,
2191 748 2223 775 et
2256 740 2319 773 scit

1335 804 1395 835 per
1418 803 1496 824 eum
1518 804 1582 825 nos
1598 793 1678 826 duci
1700 800 1740 825 ao'
1761 799 1942 826 aeternum
1964 799 2119 836 patrem,
2144 792 2208 826 scit
2224 788 2319 824 hunc

1335 842 1569 876 Mediatorem
1592 843 1836 876 umbraculum
1864 855 1951 883 esse,
1985 855 2054 888 quo
2079 843 2248 886 tegimur,
2276 853 2319 874 ne

1335 891 1510 927 horrenda
1536 893 1585 926 ira
1605 892 1669 926 Dei
1695 895 1961 937 extinguamur,
1987 901 2020 927 et
2043 906 2087 927 ne
2107 893 2239 927 diaboli
2263 905 2320 925 ra-

1334 945 1426 978 biem
1458 956 1556 977 suam
1580 956 1737 977 exercere
1762 945 1797 977 iu
1823 956 1887 977 nos
1909 945 2064 988 possint,
2096 951 2136 977 ut
2161 944 2321 987 cupiunt,

1335 996 1398 1029 scit
1414 995 1526 1027 iuvari
1546 1002 1578 1028 ct
1597 995 1727 1028 servari
1745 994 1934 1028 Ecclesiam
1954 1007 2015 1039 per
2032 993 2126 1028 hunc
2143 994 2321 1028 Mediato-

1334 1058 1406 1079 reni
1434 1045 1565 1078 Filium
1588 1045 1665 1080 Dei.
1719 1044 1813 1078 Haec
1837 1045 1962 1079 fiducia
1986 1046 2195 1079 Mediatoris
2221 1056 2321 1089 prae-

1336 1097 1448 1130 luceat
1473 1097 1640 1130 omnibus
1663 1096 1741 1129 aliis
1766 1095 1984 1135 actionibus,
2007 1104 2045 1130 ut
2064 1108 2165 1141 saepe
2182 1095 2322 1140 copiose

1336 1148 1476 1182 dicitur.

1438 1221 1577 1258 Omitto
1615 1225 1735 1268 longas
1767 1225 2010 1265 recitationes,
2054 1225 2233 1269 quomodo
2267 1221 2323 1257 hic

1336 1275 1426 1307 liber
1469 1275 1594 1308 alienis
1635 1276 1986 1319 interpretationibus
2022 1275 2229 1309 obscuratus
2269 1275 2324 1308 sit.

1337 1324 1409 1358 Alii
1442 1323 1622 1371 physicam
1655 1327 1914 1361 enarrationem
1946 1326 2212 1371 quaesiverunt:
2262 1324 2322 1358 alii

1336 1377 1521 1417 fanaticas,
1555 1377 1653 1421 quasi
1685 1378 1775 1411 liber
1806 1379 1949 1411 damnet
1979 1376 2162 1420 coniugia,
2195 1376 2324 1417 guber-

1338 1427 1515 1468 nationes,
1542 1428 1681 1461 labores
1706 1429 1918 1461 necessarios
1941 1428 1978 1461 in
1993 1425 2170 1467 Ecclesia,
2194 1425 2324 1460 Politia

1338 1485 1370 1510 et
1395 1476 1635 1519 Oeconomia,
1675 1486 1707 1512 et
1738 1480 1915 1513 iusserunt
1944 1479 2056 1512 deseri
2093 1477 2324 1512 vocationem.

1339 1528 1432 1561 Haec
1469 1529 1700 1563 deliramenta
1733 1528 1994 1563 Monachorum
2030 1529 2218 1562 reiicienda
2252 1539 2324 1561 esse

1340 1580 1442 1612 initio
1461 1581 1597 1613 moneri
1618 1592 1755 1617 necesse
1773 1588 1832 1614 est.
1894 1580 1973 1614 Non
1994 1581 2138 1613 damnat
2154 1578 2323 1613 Salomon

1338 1637 1512 1663 creaturas
1528 1629 1614 1669 Dei,
1643 1643 1705 1664 nec
1729 1632 1968 1670 vocationem,
1996 1630 2178 1663 imoiubet
2195 1627 2250 1662 his
2269 1641 2324 1662 re-

1339 1688 1501 1715 verenter
1532 1688 1565 1715 ct
1595 1682 1721 1714 ordine
1754 1683 1822 1722 uti,
1855 1683 1914 1715 sed
1942 1682 2086 1714 damnat
2108 1681 2144 1713 in
2168 1677 2324 1714 humano

1338 1732 1442 1764 corde
1472 1733 1732 1774 perversionem
1767 1733 1921 1771 ordinis,
1955 1733 2048 1777 quod
2085 1732 2130 1764 ita
2162 1737 2326 1764 movetur

1337 1782 1541 1824 spectaculis
1565 1789 1773 1822 eventuum,
1800 1790 1838 1816 nt
1862 1783 1998 1815 dubitet
2021 1783 2064 1814 de
2090 1781 2324 1825 providentia.

1337 1833 1424 1865 (Ynm
1443 1840 1558 1865 autem
1578 1833 1683 1866 salsae
1702 1833 2007 1877 interpretationes
2025 1829 2131 1865 huius
2150 1831 2232 1864 libri
2250 1843 2325 1864 ma—

1337 1895 1440 1926 gnam
1473 1883 1657 1925 caliginem
1690 1883 1882 1917 osl'ndcrint
1914 1883 2094 1917 doctrinae
2124 1881 2325 1926 Evangelii,

1337 1934 1422 1966 utile
1453 1941 1502 1967 est
1532 1934 1688 1967 iuniores
1723 1936 1764 1967 de
1791 1934 1941 1980 simplici
1968 1934 2141 1968 sententia
2167 1945 2323 1967 commo-

1337 1985 1464 2018 iit-fieri.

1437 2062 1563 2106 Sparsa
1595 2070 1643 2096 est
1677 2064 1711 2096 in
1741 2061 1930 2097 Ecclesiam
1964 2063 2048 2095 salsa
2082 2063 2323 2107 interpretatio

1335 2113 1436 2146 dicti:
1474 2113 1584 2145 Nemo
1617 2114 1680 2146 scit
1712 2127 1756 2147 an
1783 2126 1902 2147 amore
1929 2114 1981 2147 vel
2007 2113 2089 2146 odio
2114 2114 2242 2157 dignus
2268 2113 2324 2149 sit.

1337 2162 1372 2196 ld
1406 2165 1539 2196 «lictum
1564 2172 1684 2197 contra
1710 2165 1816 2198 huius
1839 2165 1920 2197 libri
1945 2164 2154 2197 sententiam
2181 2176 2324 2198 enarra-

1453 2215 1600 2258 Semper
1617 2215 1756 2248 dubites
1774 2229 1816 2249 an
1836 2214 1910 2248 Deo
1929 2216 2084 2259 placeas,
2108 2227 2187 2249 cum
2206 2222 2322 2248 tamen

2158 2265 2239 2299 Non
2255 2267 2322 2300 du-

1334 2317 1442 2350 bitant
1465 2315 1628 2349 ieremias
1652 2318 1704 2350 vel
1732 2318 1791 2350 alii
1817 2319 1996 2351 credentes
2023 2329 2057 2349 sc
2076 2316 2211 2360 placere
2231 2317 2322 2359 Deo,

1302 2366 1305 2411 J
1332 2368 1465 2401 etiamsi
1492 2369 1608 2401 vident
1634 2369 1849 2412 conflagrare
1873 2368 2040 2411 patriam,
2069 2374 2099 2401 vt
2125 2378 2159 2400 se
2186 2368 2222 2401 in
2245 2369 2320 2403 exi-

390 2421 459 2455 Scd
487 2420 652 2464 patientia
678 2419 876 2454 (fhristiana
904 2429 951 2455 est
978 2422 1120 2455 obedire
1140 2420 1213 2455 Deo
1239 2423 1274 2455 in

289 2472 342 2506 bis
376 2473 557 2505 laboribus
588 2478 619 2505 et
653 2472 829 2505 aerumnis
860 2473 1033 2511 serendis,
1069 2484 1155 2518 quas
1179 2474 1272 2507 iubet
1300 2468 1302 2497 Ῐ

1331 2419 1416 2451 lium
1441 2419 1583 2453 abduci:
1612 2416 1677 2453 boc
1705 2419 1816 2463 ipsum
1842 2418 1936 2451 enim
1964 2419 2036 2452 vult
2056 2418 2247 2461 Salomon,
2275 2420 2320 2453 de

1330 2471 1512 2503 voluntate
1532 2470 1595 2504 Dei
1620 2483 1659 2503 rx
1682 2471 1755 2503 cius
1780 2471 1907 2505 verbo.
1933 2482 2004 2503 non
2022 2482 2060 2503 ex
2079 2470 2242 2504 secundis
2260 2478 2319 2505 aut

287 2523 380 2557 Dens
408 2525 516 2560 serre,
553 2529 585 2555 et
610 2519 700 2555 nihil
726 2523 838 2555 facere.
866 2531 986 2557 contra
1012 2524 1205 2564 iusticiam,
1239 2531 1271 2558 et
1297 2510 1301 2563 Ι
1327 2522 1481 2555 adversis
1511 2522 1694 2555 eventibus
1728 2521 1762 2553 in
1795 2519 1858 2555 bac
1885 2521 1953 2555 vita
1978 2521 2207 2555 iudicandum
2233 2533 2318 2558 esse.

285 2582 400 2616 petorr-
431 2587 467 2606 ac
498 2580 676 2615 expectare
707 2573 878 2607 auxilium
906 2587 944 2607 ac
969 2575 1223 2616 mitigationem
1252 2588 1269 2609 a
1297 2571 1299 2576 '
1325 2569 1418 2605 llaec
1439 2574 1481 2607 dc
1500 2571 1720 2616 Argumento
1738 2573 1865 2606 dixisse
1884 2573 1966 2606 satis
1986 2579 2046 2606 est·

286 2626 361 2658 Uno
388 2632 528 2668 proptor
546 2622 798 2664 Mediatorem,
825 2632 857 2658 et
880 2622 943 2657 hac
962 2626 1086 2658 fidncia
1107 2638 1267 2669 praescn-

280 2677 346 2710 tiae
364 2674 426 2708 Dei
446 2676 619 2707 moderari
637 2676 806 2711 dolorem.
864 2674 913 2710 lta
930 2676 964 2708 in
977 2675 1129 2718 Davide,
1158 2678 1193 2709 iu
1214 2675 1267 2710 le-
