2409 2915
318 105 394 141 XII.

382 187 534 220 Secunda
565 186 670 217 doctri
673 196 727 217 na.
761 203 773 214 -

448 100 839 140 ANNOTATIONES
866 101 932 138 ET
960 100 1239 140 CONCIONES
1268 105 1317 140 lN
1343 105 1526 145 EVANG.
1555 109 1831 150 MATTHAEI.

1072 192 1080 218 t

2011 119 2084 156 550

1201 188 1278 224 Hoc
1304 193 1370 227 fuit
1395 193 1593 228 institutum
1617 198 1705 230 sicut
1730 199 1796 233 alia
1816 202 1923 235 multa
1940 210 2077 239 externa

164 250 231 284 Hic
258 251 463 284 discendum
488 254 555 286 est,
585 247 697 280 varias
720 257 791 280 esse
817 259 935 280 causas
956 248 1047 281 afssi-
1098 240 1257 273 exercitia
1275 242 1310 274 in
1329 243 1418 285 lege,
1443 251 1482 277 ut
1498 253 1583 279 esset
1600 247 1773 291 insignior
1788 253 1970 292 confessio,
1997 256 2076 299 quia

18 288 19 294 ἵ
63 302 220 335 ctionum
242 302 278 334 in
295 299 470 339 Ecclesia,
495 310 617 331 verum
632 304 700 338 est,
727 309 827 340 saepe
846 309 909 331 nos
927 299 1044 341 puniri

61 359 205 396 propter
229 358 320 385 certa
344 349 480 384 delicta.
533 347 579 382 Ut
601 346 714 382 David
741 355 884 392 propter
907 350 1043 383 adulte—

61 403 153 435 rium
170 402 325 446 punitur.

163 452 229 486 Sed
260 457 396 495 praeter
429 448 518 484 hanc
548 461 685 483 causam
712 450 814 483 etiam
838 450 924 482 aliae
948 457 1040 491 sunt,

59 503 241 544 videlicet,
268 501 470 535 Immanitas
496 501 569 534 odii
592 501 628 533 in
655 501 795 533 diabolo
822 512 921 544 saepe
945 513 1040 544 gras-

59 553 165 587 santis
187 552 291 585 etiam
315 552 352 584 in
376 563 452 592 eos,
479 552 537 596 qui
556 564 629 584 non
647 549 778 585 habent
793 551 933 595 propria
951 552 1038 584 deli-

57 611 129 643 cta,
155 608 193 635 ut
217 601 362 643 Daniel,
390 601 553 635 Ieremias
578 609 611 635 et
632 602 779 642 similes,
806 614 877 635 non
903 600 1036 635 habue-

9 646 12 654 ’
54 659 139 687 runt
161 653 304 691 delicta,
331 659 476 697 propter
499 665 586 698 quae
610 653 697 696 ipsi,
726 659 764 686 ut
783 653 906 685 caeteri
925 653 1037 686 abdu-

53 710 215 737 cerentur
230 703 267 736 in
284 704 427 737 exilium
440 729 449 741 ,
477 705 535 736 sed
551 715 672 737 causae
687 703 775 736 aliae
791 704 947 744 suerunt,
975 716 1037 737 cur

52 748 232 787 communi
249 754 436 788 calamitati
456 754 615 797 impliciti
635 754 716 788 sint.

7 799 9 802 ¹
155 803 205 838 Ita
227 816 340 846 nunc,
368 805 508 850 quando
527 805 670 838 venient
687 805 918 843 calamitates,
945 805 1033 838 scia-

51 866 129 888 mus
146 856 277 888 multos
294 867 383 894 esse,
409 867 558 900 quorum
576 855 700 889 delicta
719 862 930 888 meruerunt.

153 905 220 939 Sed
257 907 406 939 sciamus
437 906 542 939 simul
575 902 755 939 diabolum
788 913 930 950 propter
960 907 1032 940 odii

49 956 327 999 magnitudinem
345 957 492 1000 grassari
510 957 546 988 in
562 957 691 990 multos
707 957 922 991 innocentes.

150 1006 270 1050 Quare
291 1020 364 1041 non
388 1009 626 1051 desperemus,
661 1008 719 1039 sed
745 1007 894 1040 sciamus
917 1006 1029 1041 Deum

0 1058 1 1068 ¹
49 1057 293 1091 exauditurum
326 1070 398 1091 esse
422 1059 592 1092 clamores
614 1057 807 1098 Ecclesiae,
842 1065 874 1091 et
896 1069 1031 1101 repres—

47 1120 168 1141 surum
208 1109 388 1142 saevitiam
427 1108 578 1146 diaboli,
621 1109 709 1141 sicut
748 1109 785 1140 in
822 1106 885 1141 liac
919 1105 1029 1140 histo-

48 1159 118 1199 ria,
151 1159 188 1191 in
214 1159 307 1193 dicto
335 1159 501 1192 Ieremiae
523 1157 676 1191 Ecclesia
701 1159 815 1202 plorat
836 1165 867 1190 et
895 1158 1029 1198 clamat,

47 1216 78 1241 et
100 1209 223 1242 metuit
241 1210 474 1243 universalem
495 1209 675 1242 interitum
689 1235 696 1249 ,
724 1209 812 1240 sicut
829 1209 927 1242 dicit:
956 1207 1028 1241 No—

47 1260 112 1293 luit
136 1260 412 1293 consolationem
439 1259 640 1296 admittere,
669 1259 750 1303 quia
778 1270 850 1291 non
866 1259 936 1291 sint
951 1259 1026 1297 filii,

46 1311 126 1354 quia
145 1321 285 1353 prorsus
302 1321 422 1343 omnes
442 1309 586 1353 perituri
606 1309 800 1342 videantur.

144 1358 189 1393 Et
206 1359 301 1393 Deus
325 1360 400 1393 vult
417 1371 480 1393 nos
497 1360 534 1391 in
551 1359 679 1392 talibus
697 1359 861 1402 periculis
878 1371 950 1392 non
971 1371 1027 1392 so-

43 1411 116 1444 lum
140 1417 282 1454 propter
306 1417 442 1454 peccata
467 1416 584 1443 nostra
611 1422 730 1450 orare,
759 1410 816 1442 sed
844 1410 946 1442 etiam
965 1411 1026 1442 ad-

43 1472 164 1494 versus
187 1461 388 1499 diabolum,
421 1467 455 1494 et
477 1461 582 1501 scire,
619 1462 711 1505 quod
732 1460 829 1493 Deus
856 1461 938 1493 velit
962 1472 1026 1493 nos

19 1536 26 1546 ,
43 1512 165 1545 andire
188 1519 343 1556 petentes
364 1511 532 1544 auxilium
551 1518 672 1544 contra
693 1511 885 1546 diabolum,
938 1510 1026 1544 Pro-

43 1570 121 1606 pter
145 1569 281 1605 peccata
304 1569 421 1595 nostra
448 1563 536 1595 iuste
560 1562 722 1606 patimur.
775 1561 842 1594 Sed
869 1563 961 1606 quod
982 1563 1025 1595 ad

69 1613 88 1632 '-
103 1613 222 1646 bolum
243 1613 387 1654 attinet,
414 1613 542 1646 iniuste
560 1612 731 1656 patimur,
759 1612 836 1645 ideo
855 1611 950 1645 Deus
968 1625 1023 1645 ex-

114 1664 139 1697 it
158 1675 232 1698 nos,

142 1713 209 1747 Hic
238 1715 340 1747 ctiam
372 1714 651 1754 consideremus,
687 1720 815 1758 quanta
839 1711 922 1746 haec
947 1725 1024 1757 per-

42 1765 172 1796 secutio
196 1765 312 1796 suerit.
365 1764 445 1795 Non
472 1765 584 1794 solum
609 1764 697 1805 passi
716 1771 795 1794 sunt
816 1764 935 1804 pueri,
966 1765 1024 1794 scd

40 1814 152 1847 multo
177 1813 284 1855 magis
307 1819 488 1856 parente5‚
523 1812 603 1856 qnia
629 1812 748 1844 nullus
772 1812 876 1844 dolor
901 1810 1025 1844 liuma-

41 1876 107 1897 nus
139 1863 252 1896 maior
283 1870 351 1903 est,
387 1875 490 1907 quam
524 1863 627 1895 dolor
652 1874 691 1894 ex
717 1862 909 1895 liberorum
933 1863 1022 1895 cala-

40 1915 178 1955 mitate,
209 1913 351 1956 Quare?
404 1912 495 1955 Quia
513 1911 606 1946 Deus
623 1910 717 1945 hunc
733 1912 894 1945 affectum
913 1913 1023 1946 voluit

42 1976 113 1998 esse
130 1965 267 2007 signum
287 1964 341 1997 sui
359 1964 487 1996 amoris
505 1975 583 2006 erga
602 1962 732 1996 Filium
751 1970 783 1996 et
802 1975 879 2006 erga
897 1976 971 1997 nos.

143 2015 346 2049 Consolatio
373 2021 422 2047 est
450 2015 724 2052 consideranda,
759 2012 912 2047 Ecclesia
940 2021 1023 2048 tunc

43 2077 116 2098 non
150 2063 273 2098 habuit
304 2065 562 2105 defensionem,
597 2073 629 2098 et
662 2072 776 2097 tamen
803 2072 936 2098 servata
962 2072 1022 2100 est.

41 2115 200 2159 Herodes
229 2115 400 2147 interfecit
431 2127 575 2158 pueros,
609 2122 641 2149 et
673 2123 772 2149 antea
806 2116 1022 2148 interfecerat

42 2166 259 2210 septuaginta
284 2165 465 2204 seniores,
500 2166 561 2209 qui
593 2173 692 2199 erant
726 2177 900 2199 summum
933 2167 1024 2209 regi-

41 2229 131 2250 men.
185 2214 361 2249 Pharisaei
389 2214 961 2259 ipsiinterfecerantZachariam,
990 2223 1022 2249 et

41 2267 122 2300 talia
149 2267 256 2299 multa
279 2267 418 2300 fiebant.
473 2265 555 2299 ldeo
574 2278 646 2298 non
662 2267 770 2299 simus
787 2268 873 2299 adeo
892 2267 1024 2306 tenelli,

42 2317 183 2364 ᾗεΐΐίίἀ),
219 2324 256 2350 ut
289 2315 379 2349 nihil
412 2317 558 2349 velimus
587 2317 677 2360 pati,
712 2317 771 2350 sed
796 2328 1024 2359 agnoscamus

43 2367 215 2401 Ecclesiae
248 2368 408 2401 usitatam
444 2380 599 2406 crucem,
637 2375 668 2401 et
701 2379 878 2411 speremus
911 2367 1022 2401 Deum

43 2425 158 2453 tamen
178 2419 344 2463 reliquias
361 2426 579 2451 servaturum
599 2430 680 2452 csse.

383 2506 680 2538 Nazaraeus.

145 2562 310 2596 Nazaraei
342 2564 486 2595 fuerunt
511 2563 621 2596 votivi
647 2563 681 2595 in
711 2563 860 2606 populo,
896 2564 1024 2607 quibus

47 2611 140 2646 Deus
167 2614 314 2647 sormam
347 2613 416 2646 voti
448 2613 656 2652 tradiderat,
690 2620 721 2645 et
753 2626 823 2646 non
859 2614 1022 2648 bibebant

49 2663 186 2704 vinum,
212 2677 283 2698 non
303 2665 470 2697 radebant
489 2665 631 2708 capillos
650 2673 711 2698 etc.

1049 2667 1053 2705 l

1097 290 1289 333 singulares
1322 294 1539 327 ceremoniae
1567 297 1700 331 faciunt
1722 297 1900 335 hominem
1928 316 2074 349 conspe—

1095 340 1260 382 ctiorem,
1301 343 1359 375 sed
1394 343 1609 386 significabat
1639 359 1759 382 verum
1791 353 2073 389 concionatorem

1095 391 1247 425 dicatum
1264 390 1360 434 Deo,
1386 405 1458 427 non
1484 405 1764 440 corrumpentem
1790 403 1985 437 doctrinam
2011 417 2071 440 sua

1093 442 1296 476 temulentia
1324 450 1386 477 etc.
1427 457 1500 477 non
1537 446 1672 480 ebrium
1710 451 1899 494 cupiditate
1930 456 2071 498 gloriae,

1092 489 1255 526 humanis
1278 494 1516 538 opinionibus.

1191 549 1352 587 Christus
1376 561 1489 587 autem
1513 568 1583 589 non
1610 557 1678 591 suit
1702 559 1781 593 talis
1797 559 1992 596 Nazaraeus
2015 577 2070 598 ce-

1090 603 1274 644 remoniis,
1309 604 1390 648 quia
1416 606 1506 639 bibit
1533 607 1676 649 vinum,
1703 611 1760 643 sed
1788 612 1855 645 fuit
1877 611 2070 649 Nazaraeus

1089 652 1319 695 significatus,
1353 654 1388 687 id
1421 663 1486 696 est,
1521 658 1746 702 purissimus,
1778 668 1811 695 et
1837 660 1911 695 Deo
1935 665 2069 699 dicatus

1089 703 1335 744 concionator,
1376 717 1449 738 non
1483 707 1600 740 ebrius
1631 706 1795 743 humanis
1831 713 2068 757 opinionibus,

1088 754 1144 786 sed
1171 755 1315 788 verbum
1341 767 1426 798 pure
1449 757 1666 801 praedicans,
1721 760 1804 794 Item
1831 763 1905 797 sine
1931 766 2066 809 cupidi-

1086 810 1153 837 tate
1171 805 1299 847 gloriae
1317 813 1379 840 etc.

1457 924 1590 977 Caput
1624 928 1694 969 111.

1187 995 1346 1030 Primum
1364 995 1421 1031 hic
1437 999 1678 1034 consideretur
1689 1008 1796 1037 status
1807 1003 1980 1042 Ecclesiae
1993 1010 2066 1043 eius

1083 1047 1263 1091 temporis.

1184 1105 1304 1139 Sectae
1328 1113 1396 1139 tres
1413 1114 1529 1149 erant,
1556 1115 1589 1142 et
1604 1121 1672 1143 una
1692 1123 1834 1155 prorsus
1850 1116 1956 1160 impia
1974 1117 2063 1152 Sad-

1082 1155 1222 1190 ducaea.
1275 1155 1320 1189 Et
1335 1153 1515 1190 Pharisaei
1540 1159 1683 1202 plurimi
1708 1163 1811 1196 etiam
1837 1169 2062 1213 erantimpii,

1082 1206 1181 1249 pauci
1211 1206 1376 1246 sortasse,
1410 1208 1499 1242 sicut
1529 1210 1638 1255 aliqui
1665 1211 1834 1249 Monachi
1868 1220 1959 1262 apud
1986 1232 2061 1260 nos,

1081 1263 1179 1289 erant
1195 1256 1358 1290 saniores.

1181 1313 1259 1347 Hoc
1283 1315 1479 1358 exemplum
1504 1320 1657 1353 ostendit
1680 1333 1780 1366 saepe
1796 1326 1962 1361 maiorem
1981 1342 2059 1373 par-

1079 1371 1147 1398 tem
1164 1363 1340 1399 Ecclesiae
1358 1366 1459 1398 valde
1478 1378 1602 1402 errare.

1181 1424 1318 1457 Interea
1342 1431 1458 1457 tamen
1476 1423 1571 1459 Deus
1595 1428 1732 1474 aliquos
1758 1441 1888 1473 servat,
1916 1443 1953 1470 ut
1978 1444 2061 1474 tunc

1080 1481 1179 1508 erant
1220 1473 1425 1516 Zacharias,
1473 1475 1637 1519 Simeon,
1687 1479 1893 1528 Elizabeth,
1942 1486 2061 1530 Anna,

1079 1524 1214 1565 Maria,
1243 1523 1367 1570 loseph
1393 1533 1425 1560 et
1443 1527 1543 1561 multi
1561 1529 1632 1562 alii.
1685 1529 1734 1564 Ita
1752 1531 1848 1568 Deus
1864 1546 1976 1572 servat
1992 1541 2058 1573 sibi

1078 1587 1214 1614 semen,
1240 1576 1376 1609 etiamsi
1400 1576 1499 1620 impii
1524 1579 1762 1615 dominantur.
1817 1584 1918 1620 Hanc
1937 1589 2059 1632 imagi-

1078 1638 1157 1658 nem
1184 1626 1286 1659 nobis
1308 1639 1564 1670 proponamu5‚
1592 1637 1630 1663 ut
1647 1642 1709 1664 nos
1727 1636 1948 1670 consolemur
1966 1651 2059 1674 nunc

1079 1688 1235 1720 quoque,
1263 1688 1341 1710 cum
1365 1677 1516 1711 clamant
1538 1680 1748 1723 adversarii,
1773 1682 1963 1721 Ecclesiam
1984 1702 2058 1724 non

1078 1737 1212 1767 errare,
1241 1732 1272 1758 et
1291 1737 1326 1758 se
1341 1738 1411 1758 esse
1428 1725 1619 1761 Ecclesiam
1639 1738 1702 1766 etc.

1179 1783 1220 1816 In
1244 1785 1373 1817 talibus
1396 1787 1548 1819 tenebris
1567 1787 1662 1822 Deus
1686 1802 1806 1825 rursus
1827 1799 1985 1833 accendit
2004 1801 2057 1834 lu-

1078 1846 1169 1872 cem,
1207 1842 1306 1868 vocat
1334 1833 1546 1877 Iohannem,
1580 1845 1612 1871 et
1643 1840 1740 1875 iubet
1769 1855 1847 1876 eum
1874 1847 2057 1886 instituere

1077 1885 1310 1929 baptismum,
1340 1892 1372 1918 et
1390 1887 1589 1928 praedicare
1605 1886 1836 1933 Evangelium
1855 1896 1891 1928 in
1909 1899 2055 1937 deserto.

1178 1943 1228 1977 Ita
1252 1942 1346 1977 Deus
1377 1944 1531 1978 mirabili
1565 1947 1803 1985 misericordia
1829 1956 1979 1991 subinde
2003 1961 2057 1993 in-

1075 2001 1206 2028 staurat
1222 1993 1425 2028 Ecclesiam.

1177 2052 1243 2086 Sed
1280 2051 1336 2085 bic
1366 2055 1565 2097 quaeritur,
1599 2069 1643 2089 an
1676 2057 1775 2093 liceat
1802 2062 1912 2098 facere
1937 2077 2055 2104 contra

1077 2111 1278 2147 potestatem
1311 2104 1546 2147 ordinariam,
1581 2108 1669 2142 sicut
1697 2109 1872 2147 Iohannes
1902 2118 2056 2154 discessit

1076 2166 1092 2186 a
1114 2154 1254 2196 templu.

1176 2203 1406 2249 Respondent
1449 2206 1595 2250 Semper
1632 2221 1768 2243 necesse
1808 2221 1856 2247 est
1890 2221 2055 2256 anteferri

1076 2256 1279 2288 mandatum
1306 2256 1371 2290 Dei
1404 2259 1563 2300 potestati
1593 2261 1810 2303 ordinariae,
1846 2266 1932 2302 sicut
1961 2270 2057 2315 Apo-

1076 2306 1154 2389 ῗῑοῐί
1179 2306 1359 2342 dixerunt:
1388 2306 1538 2352 Oportet
1554 2309 1630 2343 Deo
1658 2312 1765 2354 magis
1789 2315 1932 2352 obedire
1952 2334 2054 2365 qum„

1089 2357 1292 2391 inminibus.

1357 2439 1444 2478 Quid
1465 2439 1571 2470 ‹loz-uit
1593 2440 1784 2475 Iohannes?

1317 2509 1520 2543 Doctrinam
1541 2511 1583 2542 de
1599 2514 1822 2554 poenitentia.

1317 2560 1369 2593 De
1387 2561 1592 2594 remissione
1609 2572 1842 2605 peccatorum.

1318 2612 1373 2644 De
1390 2612 1491 2644 bonis
1507 2612 1670 2654 operibus
1688 2617 1845 2651 omnium
1865 2629 2027 2662 statuum.

1317 2661 1369 2695 De
1387 2663 1565 2694 vocatione
1584 2664 1750 2705 gentiunt»,

1466 2713 1547 2747 35‘

1229 2512 1264 2696 &ef-⁹307·
