<?xml version="1.0" encoding="UTF-8"?>
<!DOCTYPE html PUBLIC "-//W3C//DTD XHTML 1.0 Transitional//EN"
    "http://www.w3.org/TR/xhtml1/DTD/xhtml1-transitional.dtd">
<html xmlns="http://www.w3.org/1999/xhtml" xml:lang="en" lang="en">
 <head>
  <title>
</title>
<meta http-equiv="Content-Type" content="text/html;charset=utf-8" />
  <meta name='ocr-system' content='tesseract 3.04.00' />
  <meta name='ocr-capabilities' content='ocr_page ocr_carea ocr_par ocr_line ocrx_word'/>
</head>
<body>
  <div class='ocr_page' id='page_1' title='image "./operaquaesupersu14melauoft/operaquaesupersu14melauoft_0494.png"; bbox 0 0 2409 2915; ppageno 0'>
   <div class='ocr_carea' id='block_1_1' title="bbox 271 96 343 130">
    <p class='ocr_par' dir='ltr' id='par_1_1' title="bbox 271 96 343 130">
     <span class='ocr_line' id='line_1_1' title="bbox 271 96 343 130; baseline 0.014 -1"><span class='ocrx_word' id='word_1_1' title='bbox 271 96 343 130; x_wconf 86' lang='lat'>971</span> 
     </span>
    </p>
   </div>
   <div class='ocr_carea' id='block_1_2' title="bbox 272 166 1294 2589">
    <p class='ocr_par' dir='ltr' id='par_1_2' title="bbox 272 166 1270 564">
     <span class='ocr_line' id='line_1_2' title="bbox 373 166 1260 219; baseline -0.009 -10"><span class='ocrx_word' id='word_1_2' title='bbox 373 177 510 219; x_wconf 87' lang='lat' dir='ltr'>Quarto</span> <span class='ocrx_word' id='word_1_3' title='bbox 554 171 725 206; x_wconf 75' lang='lat' dir='ltr'>differunt</span> <span class='ocrx_word' id='word_1_4' title='bbox 757 167 1012 202; x_wconf 86' lang='lat' dir='ltr'>instrumentis.</span> <span class='ocrx_word' id='word_1_5' title='bbox 1071 166 1260 211; x_wconf 87' lang='lat' dir='ltr'>Magistra·</span> 
     </span>
     <span class='ocr_line' id='line_1_3' title="bbox 272 219 1265 270; baseline -0.013 -7"><span class='ocrx_word' id='word_1_6' title='bbox 272 237 347 263; x_wconf 86' lang='lat' dir='ltr'>turn</span> <span class='ocrx_word' id='word_1_7' title='bbox 374 231 514 270; x_wconf 81' lang='lat' dir='ltr'>oportet</span> <span class='ocrx_word' id='word_1_8' title='bbox 545 234 618 256; x_wconf 89' lang='lat' dir='ltr'>esse</span> <span class='ocrx_word' id='word_1_9' title='bbox 640 222 851 254; x_wconf 90' lang='lat' dir='ltr'>instructum</span> <span class='ocrx_word' id='word_1_10' title='bbox 873 219 1000 259; x_wconf 85' lang='lat' dir='ltr'>armis,</span> <span class='ocrx_word' id='word_1_11' title='bbox 1026 219 1172 262; x_wconf 90' lang='lat' dir='ltr'>opibus,</span> <span class='ocrx_word' id='word_1_12' title='bbox 1201 230 1265 262; x_wconf 90' lang='lat' dir='ltr'>po-</span> 
     </span>
     <span class='ocr_line' id='line_1_4' title="bbox 274 269 1267 312; baseline -0.011 0"><span class='ocrx_word' id='word_1_13' title='bbox 274 276 395 312; x_wconf 81' lang='lat' dir='ltr'>tentia.</span> <span class='ocrx_word' id='word_1_14' title='bbox 447 274 519 309; x_wconf 88' lang='lat' dir='ltr'>Sed</span> <span class='ocrx_word' id='word_1_15' title='bbox 543 272 704 306; x_wconf 85' lang='lat' dir='ltr'>minister</span> <span class='ocrx_word' id='word_1_16' title='bbox 729 269 951 312; x_wconf 88' lang='lat' dir='ltr'>evangelicus</span> <span class='ocrx_word' id='word_1_17' title='bbox 975 275 1025 302; x_wconf 85' lang='lat' dir='ltr'>est</span> <span class='ocrx_word' id='word_1_18' title='bbox 1050 269 1126 302; x_wconf 88' lang='lat' dir='ltr'>sine</span> <span class='ocrx_word' id='word_1_19' title='bbox 1148 269 1267 309; x_wconf 90' lang='lat' dir='ltr'>armis,</span> 
     </span>
     <span class='ocr_line' id='line_1_5' title="bbox 274 317 1268 370; baseline -0.011 -8"><span class='ocrx_word' id='word_1_20' title='bbox 274 329 351 363; x_wconf 91' lang='lat' dir='ltr'>sine</span> <span class='ocrx_word' id='word_1_21' title='bbox 367 326 511 370; x_wconf 89' lang='lat' dir='ltr'>opibus,</span> <span class='ocrx_word' id='word_1_22' title='bbox 538 323 613 357; x_wconf 85' lang='lat' dir='ltr'>sine</span> <span class='ocrx_word' id='word_1_23' title='bbox 637 321 811 366; x_wconf 83' lang='lat' dir='ltr'>potentia,</span> <span class='ocrx_word' id='word_1_24' title='bbox 837 321 928 354; x_wconf 89' lang='lat' dir='ltr'>sicut</span> <span class='ocrx_word' id='word_1_25' title='bbox 951 317 1128 354; x_wconf 87' lang='lat' dir='ltr'>Iohannes</span> <span class='ocrx_word' id='word_1_26' title='bbox 1143 318 1268 364; x_wconf 88' lang='lat' dir='ltr'>Bapti-</span> 
     </span>
     <span class='ocr_line' id='line_1_6' title="bbox 276 368 1267 415; baseline -0.012 -2"><span class='ocrx_word' id='word_1_27' title='bbox 276 387 326 413; x_wconf 89' lang='lat' dir='ltr'>sta</span> <span class='ocrx_word' id='word_1_28' title='bbox 353 372 449 411; x_wconf 86' lang='lat' dir='ltr'>solus</span> <span class='ocrx_word' id='word_1_29' title='bbox 472 376 508 408; x_wconf 89' lang='lat' dir='ltr'>in</span> <span class='ocrx_word' id='word_1_30' title='bbox 536 376 672 408; x_wconf 88' lang='lat' dir='ltr'>deserto</span> <span class='ocrx_word' id='word_1_31' title='bbox 697 379 862 415; x_wconf 82' lang='lat' dir='ltr'>vagatur,</span> <span class='ocrx_word' id='word_1_32' title='bbox 897 377 929 404; x_wconf 89' lang='lat' dir='ltr'>et</span> <span class='ocrx_word' id='word_1_33' title='bbox 954 370 1057 404; x_wconf 88' lang='lat' dir='ltr'>dicit:</span> <span class='ocrx_word' id='word_1_34' title='bbox 1092 368 1167 414; x_wconf 87' lang='lat' dir='ltr'>Ego</span> <span class='ocrx_word' id='word_1_35' title='bbox 1190 381 1267 403; x_wconf 86' lang='lat' dir='ltr'>sum</span> 
     </span>
     <span class='ocr_line' id='line_1_7' title="bbox 278 420 1268 466; baseline -0.01 -4"><span class='ocrx_word' id='word_1_36' title='bbox 278 441 346 462; x_wconf 87' lang='lat' dir='ltr'>vox</span> <span class='ocrx_word' id='word_1_37' title='bbox 362 425 559 461; x_wconf 84' lang='lat' dir='ltr'>clamantis.</span> <span class='ocrx_word' id='word_1_38' title='bbox 612 423 708 466; x_wconf 84' lang='lat' dir='ltr'>Quid</span> <span class='ocrx_word' id='word_1_39' title='bbox 730 429 780 455; x_wconf 91' lang='lat' dir='ltr'>est</span> <span class='ocrx_word' id='word_1_40' title='bbox 804 421 980 454; x_wconf 82' lang='lat' dir='ltr'>infirmius</span> <span class='ocrx_word' id='word_1_41' title='bbox 1002 420 1109 454; x_wconf 66' lang='lat' dir='ltr'>voce?</span> <span class='ocrx_word' id='word_1_42' title='bbox 1137 421 1197 454; x_wconf 91' lang='lat' dir='ltr'>sed</span> <span class='ocrx_word' id='word_1_43' title='bbox 1215 427 1268 453; x_wconf 90' lang='lat' dir='ltr'>ta-</span> 
     </span>
     <span class='ocr_line' id='line_1_8' title="bbox 277 471 1270 521; baseline -0.009 -9"><span class='ocrx_word' id='word_1_44' title='bbox 277 490 359 513; x_wconf 85' lang='lat' dir='ltr'>men</span> <span class='ocrx_word' id='word_1_45' title='bbox 385 489 445 521; x_wconf 90' lang='lat' dir='ltr'>per</span> <span class='ocrx_word' id='word_1_46' title='bbox 467 474 558 509; x_wconf 83' lang='lat' dir='ltr'>hanc</span> <span class='ocrx_word' id='word_1_47' title='bbox 582 485 703 508; x_wconf 87' lang='lat' dir='ltr'>vocem</span> <span class='ocrx_word' id='word_1_48' title='bbox 725 471 821 507; x_wconf 83' lang='lat' dir='ltr'>Deus</span> <span class='ocrx_word' id='word_1_49' title='bbox 843 479 893 506; x_wconf 90' lang='lat' dir='ltr'>est</span> <span class='ocrx_word' id='word_1_50' title='bbox 922 472 1060 513; x_wconf 78' lang='lat' dir='ltr'>efficax,</span> <span class='ocrx_word' id='word_1_51' title='bbox 1097 478 1135 506; x_wconf 93' lang='lat' dir='ltr'>ut</span> <span class='ocrx_word' id='word_1_52' title='bbox 1156 482 1270 515; x_wconf 84' lang='lat' dir='ltr'>nuper</span> 
     </span>
     <span class='ocr_line' id='line_1_9' title="bbox 279 531 492 564; baseline -0.019 0"><span class='ocrx_word' id='word_1_53' title='bbox 279 531 412 564; x_wconf 87' lang='lat' dir='ltr'>dictum</span> <span class='ocrx_word' id='word_1_54' title='bbox 430 533 492 561; x_wconf 88' lang='lat' dir='ltr'>est.</span> 
     </span>
    </p>

    <p class='ocr_par' dir='ltr' id='par_1_3' title="bbox 280 572 1277 1226">
     <span class='ocr_line' id='line_1_10' title="bbox 381 572 1271 618; baseline -0.007 -7"><span class='ocrx_word' id='word_1_55' title='bbox 381 578 454 612; x_wconf 86' lang='lat' dir='ltr'>Has</span> <span class='ocrx_word' id='word_1_56' title='bbox 469 574 685 610; x_wconf 83' lang='lat' dir='ltr'>differentias</span> <span class='ocrx_word' id='word_1_57' title='bbox 700 585 836 618; x_wconf 87' lang='lat' dir='ltr'>semper</span> <span class='ocrx_word' id='word_1_58' title='bbox 849 573 995 607; x_wconf 87' lang='lat' dir='ltr'>teneatis</span> <span class='ocrx_word' id='word_1_59' title='bbox 1018 572 1056 606; x_wconf 89' lang='lat' dir='ltr'>in</span> <span class='ocrx_word' id='word_1_60' title='bbox 1073 578 1271 616; x_wconf 89' lang='lat' dir='ltr'>conspectu,</span> 
     </span>
     <span class='ocr_line' id='line_1_11' title="bbox 280 621 1267 671; baseline -0.009 -7"><span class='ocrx_word' id='word_1_61' title='bbox 280 638 313 665; x_wconf 92' lang='lat' dir='ltr'>et</span> <span class='ocrx_word' id='word_1_62' title='bbox 327 631 396 663; x_wconf 89' lang='lat' dir='ltr'>iam</span> <span class='ocrx_word' id='word_1_63' title='bbox 424 629 557 667; x_wconf 83' lang='lat' dir='ltr'>videte,</span> <span class='ocrx_word' id='word_1_64' title='bbox 587 625 766 671; x_wconf 89' lang='lat' dir='ltr'>quomodo</span> <span class='ocrx_word' id='word_1_65' title='bbox 781 623 876 668; x_wconf 89' lang='lat' dir='ltr'>Papa</span> <span class='ocrx_word' id='word_1_66' title='bbox 904 631 939 658; x_wconf 89' lang='lat' dir='ltr'>et</span> <span class='ocrx_word' id='word_1_67' title='bbox 962 621 1130 668; x_wconf 83' lang='lat' dir='ltr'>Episcopi</span> <span class='ocrx_word' id='word_1_68' title='bbox 1154 630 1267 656; x_wconf 87' lang='lat' dir='ltr'>verte-</span> 
     </span>
     <span class='ocr_line' id='line_1_12' title="bbox 280 674 1272 720; baseline -0.008 -6"><span class='ocrx_word' id='word_1_69' title='bbox 280 682 354 715; x_wconf 85' lang='lat' dir='ltr'>rint</span> <span class='ocrx_word' id='word_1_70' title='bbox 371 677 607 712; x_wconf 89' lang='lat' dir='ltr'>ministerium</span> <span class='ocrx_word' id='word_1_71' title='bbox 623 674 809 719; x_wconf 81' lang='lat' dir='ltr'>Evangelii</span> <span class='ocrx_word' id='word_1_72' title='bbox 830 675 867 708; x_wconf 91' lang='lat' dir='ltr'>in</span> <span class='ocrx_word' id='word_1_73' title='bbox 883 686 990 718; x_wconf 87' lang='lat' dir='ltr'>regna</span> <span class='ocrx_word' id='word_1_74' title='bbox 1008 682 1041 708; x_wconf 88' lang='lat' dir='ltr'>et</span> <span class='ocrx_word' id='word_1_75' title='bbox 1056 674 1272 720; x_wconf 80' lang='lat' dir='ltr'>tyrannides.</span> 
     </span>
     <span class='ocr_line' id='line_1_13' title="bbox 280 722 1272 770; baseline -0.008 -5"><span class='ocrx_word' id='word_1_76' title='bbox 280 731 363 765; x_wconf 80' lang='lat' dir='ltr'>Non</span> <span class='ocrx_word' id='word_1_77' title='bbox 387 731 514 763; x_wconf 85' lang='lat' dir='ltr'><strong>docent</strong></span> <span class='ocrx_word' id='word_1_78' title='bbox 529 725 784 770; x_wconf 87' lang='lat' dir='ltr'>Evangelium,</span> <span class='ocrx_word' id='word_1_79' title='bbox 812 726 884 759; x_wconf 88' lang='lat' dir='ltr'>imo</span> <span class='ocrx_word' id='word_1_80' title='bbox 907 732 990 759; x_wconf 91' lang='lat' dir='ltr'>sunt</span> <span class='ocrx_word' id='word_1_81' title='bbox 1014 723 1132 759; x_wconf 90' lang='lat' dir='ltr'>hostes</span> <span class='ocrx_word' id='word_1_82' title='bbox 1152 722 1272 758; x_wconf 89' lang='lat' dir='ltr'>Evan-</span> 
     </span>
     <span class='ocr_line' id='line_1_14' title="bbox 281 775 1272 826; baseline -0.007 -12"><span class='ocrx_word' id='word_1_83' title='bbox 281 781 382 826; x_wconf 79' lang='lat' dir='ltr'>gelii,</span> <span class='ocrx_word' id='word_1_84' title='bbox 410 779 569 813; x_wconf 89' lang='lat' dir='ltr'>condunt</span> <span class='ocrx_word' id='word_1_85' title='bbox 586 778 698 821; x_wconf 87' lang='lat' dir='ltr'>leges,</span> <span class='ocrx_word' id='word_1_86' title='bbox 725 783 758 810; x_wconf 91' lang='lat' dir='ltr'>et</span> <span class='ocrx_word' id='word_1_87' title='bbox 776 777 918 821; x_wconf 90' lang='lat' dir='ltr'>quidem</span> <span class='ocrx_word' id='word_1_88' title='bbox 936 776 1118 809; x_wconf 73' lang='lat' dir='ltr'>manifeste</span> <span class='ocrx_word' id='word_1_89' title='bbox 1134 775 1272 819; x_wconf 91' lang='lat' dir='ltr'>impias,</span> 
     </span>
     <span class='ocr_line' id='line_1_15' title="bbox 280 825 1273 876; baseline -0.008 -11"><span class='ocrx_word' id='word_1_90' title='bbox 280 840 320 867; x_wconf 89' lang='lat' dir='ltr'>ut</span> <span class='ocrx_word' id='word_1_91' title='bbox 336 828 614 876; x_wconf 74' lang='lat' dir='ltr'>prohibitionem</span> <span class='ocrx_word' id='word_1_92' title='bbox 639 827 806 871; x_wconf 87' lang='lat' dir='ltr'>coniugii.</span> <span class='ocrx_word' id='word_1_93' title='bbox 859 826 1018 860; x_wconf 90' lang='lat' dir='ltr'>Puniunt</span> <span class='ocrx_word' id='word_1_94' title='bbox 1040 825 1178 869; x_wconf 88' lang='lat' dir='ltr'>gladio,</span> <span class='ocrx_word' id='word_1_95' title='bbox 1200 827 1273 857; x_wconf 79' lang='lat' dir='ltr'>imo</span> 
     </span>
     <span class='ocr_line' id='line_1_16' title="bbox 283 875 1275 920; baseline -0.01 -3"><span class='ocrx_word' id='word_1_96' title='bbox 283 883 409 917; x_wconf 89' lang='lat' dir='ltr'>dicunt</span> <span class='ocrx_word' id='word_1_97' title='bbox 432 880 537 914; x_wconf 88' lang='lat' dir='ltr'>Petro</span> <span class='ocrx_word' id='word_1_98' title='bbox 562 880 683 912; x_wconf 89' lang='lat' dir='ltr'>datum</span> <span class='ocrx_word' id='word_1_99' title='bbox 710 889 781 911; x_wconf 87' lang='lat' dir='ltr'>esse</span> <span class='ocrx_word' id='word_1_100' title='bbox 798 890 815 910; x_wconf 86' lang='lat' dir='ltr'>a</span> <span class='ocrx_word' id='word_1_101' title='bbox 832 875 975 911; x_wconf 90' lang='lat' dir='ltr'>Christo</span> <span class='ocrx_word' id='word_1_102' title='bbox 999 882 1178 920; x_wconf 84' lang='lat' dir='ltr'>utrunque</span> <span class='ocrx_word' id='word_1_103' title='bbox 1200 875 1275 919; x_wconf 86' lang='lat' dir='ltr'>gla-</span> 
     </span>
     <span class='ocr_line' id='line_1_17' title="bbox 281 925 1275 974; baseline -0.008 -7"><span class='ocrx_word' id='word_1_104' title='bbox 281 934 399 973; x_wconf 89' lang='lat' dir='ltr'>dium,</span> <span class='ocrx_word' id='word_1_105' title='bbox 439 938 472 964; x_wconf 90' lang='lat' dir='ltr'>et</span> <span class='ocrx_word' id='word_1_106' title='bbox 503 929 659 974; x_wconf 88' lang='lat' dir='ltr'>eripiunt</span> <span class='ocrx_word' id='word_1_107' title='bbox 688 928 834 971; x_wconf 86' lang='lat' dir='ltr'>imperia</span> <span class='ocrx_word' id='word_1_108' title='bbox 857 925 1016 968; x_wconf 85' lang='lat' dir='ltr'>regibus,</span> <span class='ocrx_word' id='word_1_109' title='bbox 1055 926 1146 960; x_wconf 86' lang='lat' dir='ltr'>sicut</span> <span class='ocrx_word' id='word_1_110' title='bbox 1174 937 1275 970; x_wconf 83' lang='lat' dir='ltr'>saepe</span> 
     </span>
     <span class='ocr_line' id='line_1_18' title="bbox 282 974 1276 1026; baseline -0.007 -10"><span class='ocrx_word' id='word_1_111' title='bbox 282 994 409 1026; x_wconf 87' lang='lat' dir='ltr'>magna</span> <span class='ocrx_word' id='word_1_112' title='bbox 438 981 530 1015; x_wconf 85' lang='lat' dir='ltr'>bella</span> <span class='ocrx_word' id='word_1_113' title='bbox 560 984 741 1022; x_wconf 87' lang='lat' dir='ltr'>gesserunt</span> <span class='ocrx_word' id='word_1_114' title='bbox 771 989 850 1010; x_wconf 87' lang='lat' dir='ltr'>cum</span> <span class='ocrx_word' id='word_1_115' title='bbox 877 977 1162 1020; x_wconf 74' lang='lat' dir='ltr'>imperatoribus.</span> <span class='ocrx_word' id='word_1_116' title='bbox 1227 974 1276 1010; x_wconf 86' lang='lat' dir='ltr'>Et</span> 
     </span>
     <span class='ocr_line' id='line_1_19' title="bbox 282 1026 1277 1072; baseline -0.007 -5"><span class='ocrx_word' id='word_1_117' title='bbox 282 1032 505 1068; x_wconf 80' lang='lat' dir='ltr'>Friedericus</span> <span class='ocrx_word' id='word_1_118' title='bbox 528 1028 742 1062; x_wconf 87' lang='lat' dir='ltr'>Barbarossa</span> <span class='ocrx_word' id='word_1_119' title='bbox 764 1026 978 1072; x_wconf 82' lang='lat' dir='ltr'>Imperator,</span> <span class='ocrx_word' id='word_1_120' title='bbox 1012 1027 1121 1061; x_wconf 88' lang='lat' dir='ltr'>iacuit</span> <span class='ocrx_word' id='word_1_121' title='bbox 1145 1027 1189 1061; x_wconf 90' lang='lat' dir='ltr'>ad</span> <span class='ocrx_word' id='word_1_122' title='bbox 1214 1039 1277 1072; x_wconf 90' lang='lat' dir='ltr'>pe-</span> 
     </span>
     <span class='ocr_line' id='line_1_20' title="bbox 283 1078 1276 1123; baseline -0.007 -5"><span class='ocrx_word' id='word_1_123' title='bbox 283 1087 345 1119; x_wconf 90' lang='lat' dir='ltr'>des</span> <span class='ocrx_word' id='word_1_124' title='bbox 361 1080 560 1119; x_wconf 74' lang='lat' dir='ltr'>pontificis,</span> <span class='ocrx_word' id='word_1_125' title='bbox 587 1086 620 1113; x_wconf 88' lang='lat' dir='ltr'>et</span> <span class='ocrx_word' id='word_1_126' title='bbox 638 1078 801 1113; x_wconf 79' lang='lat' dir='ltr'>Pontifex</span> <span class='ocrx_word' id='word_1_127' title='bbox 826 1085 930 1122; x_wconf 90' lang='lat' dir='ltr'>caput</span> <span class='ocrx_word' id='word_1_128' title='bbox 945 1078 1172 1123; x_wconf 87' lang='lat' dir='ltr'>Imperatoris</span> <span class='ocrx_word' id='word_1_129' title='bbox 1188 1079 1276 1123; x_wconf 91' lang='lat' dir='ltr'>pede</span> 
     </span>
     <span class='ocr_line' id='line_1_21' title="bbox 283 1129 1277 1180; baseline -0.007 -12"><span class='ocrx_word' id='word_1_130' title='bbox 283 1133 467 1180; x_wconf 83' lang='lat' dir='ltr'>percussit.</span> <span class='ocrx_word' id='word_1_131' title='bbox 525 1130 571 1164; x_wconf 85' lang='lat' dir='ltr'>Et</span> <span class='ocrx_word' id='word_1_132' title='bbox 598 1130 795 1173; x_wconf 85' lang='lat' dir='ltr'>Imperator</span> <span class='ocrx_word' id='word_1_133' title='bbox 822 1129 962 1162; x_wconf 90' lang='lat' dir='ltr'>veniam</span> <span class='ocrx_word' id='word_1_134' title='bbox 988 1129 1135 1173; x_wconf 87' lang='lat' dir='ltr'>petivit,</span> <span class='ocrx_word' id='word_1_135' title='bbox 1176 1129 1277 1175; x_wconf 87' lang='lat' dir='ltr'>quasi</span> 
     </span>
     <span class='ocr_line' id='line_1_22' title="bbox 286 1179 1088 1226; baseline -0.007 -7"><span class='ocrx_word' id='word_1_136' title='bbox 286 1186 416 1219; x_wconf 88' lang='lat' dir='ltr'>iniuste</span> <span class='ocrx_word' id='word_1_137' title='bbox 433 1181 590 1226; x_wconf 82' lang='lat' dir='ltr'>gessisset</span> <span class='ocrx_word' id='word_1_138' title='bbox 611 1181 744 1214; x_wconf 90' lang='lat' dir='ltr'>bellum</span> <span class='ocrx_word' id='word_1_139' title='bbox 762 1181 928 1213; x_wconf 84' lang='lat' dir='ltr'>adversus</span> <span class='ocrx_word' id='word_1_140' title='bbox 944 1179 1088 1224; x_wconf 88' lang='lat' dir='ltr'>Papam.</span> 
     </span>
    </p>

    <p class='ocr_par' dir='ltr' id='par_1_4' title="bbox 288 1231 1279 1331">
     <span class='ocr_line' id='line_1_23' title="bbox 387 1231 1279 1277; baseline -0.002 -11"><span class='ocrx_word' id='word_1_141' title='bbox 387 1232 525 1266; x_wconf 58' lang='lat' dir='ltr'>Videtis</span> <span class='ocrx_word' id='word_1_142' title='bbox 554 1232 638 1265; x_wconf 90' lang='lat' dir='ltr'>item</span> <span class='ocrx_word' id='word_1_143' title='bbox 670 1237 802 1277; x_wconf 90' lang='lat' dir='ltr'>quanta</span> <span class='ocrx_word' id='word_1_144' title='bbox 831 1231 876 1264; x_wconf 89' lang='lat' dir='ltr'>sit</span> <span class='ocrx_word' id='word_1_145' title='bbox 906 1231 1081 1276; x_wconf 89' lang='lat' dir='ltr'>potentia,</span> <span class='ocrx_word' id='word_1_146' title='bbox 1127 1236 1279 1276; x_wconf 87' lang='lat' dir='ltr'>quantae</span> 
     </span>
     <span class='ocr_line' id='line_1_24' title="bbox 288 1282 661 1331; baseline -0.016 -11"><span class='ocrx_word' id='word_1_147' title='bbox 288 1297 372 1331; x_wconf 90' lang='lat' dir='ltr'>opes</span> <span class='ocrx_word' id='word_1_148' title='bbox 390 1282 661 1328; x_wconf 84' lang='lat' dir='ltr'>Episcoporum.</span> 
     </span>
    </p>

    <p class='ocr_par' dir='ltr' id='par_1_5' title="bbox 289 1329 1286 1887">
     <span class='ocr_line' id='line_1_25' title="bbox 391 1329 1279 1377; baseline -0.005 -8"><span class='ocrx_word' id='word_1_149' title='bbox 391 1334 488 1369; x_wconf 89' lang='lat' dir='ltr'>Haec</span> <span class='ocrx_word' id='word_1_150' title='bbox 504 1333 623 1367; x_wconf 91' lang='lat' dir='ltr'>omnia</span> <span class='ocrx_word' id='word_1_151' title='bbox 639 1332 848 1377; x_wconf 87' lang='lat' dir='ltr'>praevidens</span> <span class='ocrx_word' id='word_1_152' title='bbox 864 1329 1026 1366; x_wconf 87' lang='lat' dir='ltr'>Christus</span> <span class='ocrx_word' id='word_1_153' title='bbox 1041 1329 1099 1365; x_wconf 90' lang='lat' dir='ltr'>hic</span> <span class='ocrx_word' id='word_1_154' title='bbox 1116 1343 1279 1376; x_wconf 86' lang='lat' dir='ltr'>praemo-</span> 
     </span>
     <span class='ocr_line' id='line_1_26' title="bbox 289 1382 1280 1430; baseline -0.008 -8"><span class='ocrx_word' id='word_1_155' title='bbox 289 1395 349 1422; x_wconf 87' lang='lat' dir='ltr'>net</span> <span class='ocrx_word' id='word_1_156' title='bbox 366 1384 572 1430; x_wconf 84' lang='lat' dir='ltr'>Apostolos:</span> <span class='ocrx_word' id='word_1_157' title='bbox 602 1382 673 1426; x_wconf 91' lang='lat' dir='ltr'>Qui</span> <span class='ocrx_word' id='word_1_158' title='bbox 697 1390 747 1416; x_wconf 88' lang='lat' dir='ltr'>est</span> <span class='ocrx_word' id='word_1_159' title='bbox 772 1383 906 1423; x_wconf 86' lang='lat' dir='ltr'>maior,</span> <span class='ocrx_word' id='word_1_160' title='bbox 933 1383 978 1416; x_wconf 89' lang='lat' dir='ltr'>sit</span> <span class='ocrx_word' id='word_1_161' title='bbox 1001 1382 1164 1416; x_wconf 86' lang='lat' dir='ltr'>minister</span> <span class='ocrx_word' id='word_1_162' title='bbox 1188 1382 1280 1416; x_wconf 88' lang='lat' dir='ltr'>inter</span> 
     </span>
     <span class='ocr_line' id='line_1_27' title="bbox 291 1431 1278 1475; baseline -0.006 -4"><span class='ocrx_word' id='word_1_163' title='bbox 291 1450 353 1471; x_wconf 73' lang='lat' dir='ltr'>vos</span> <span class='ocrx_word' id='word_1_164' title='bbox 366 1462 374 1475; x_wconf 91' lang='lat'>,</span> <span class='ocrx_word' id='word_1_165' title='bbox 401 1437 436 1469; x_wconf 93' lang='lat' dir='ltr'>id</span> <span class='ocrx_word' id='word_1_166' title='bbox 457 1442 521 1468; x_wconf 86' lang='lat' dir='ltr'>est:</span> <span class='ocrx_word' id='word_1_167' title='bbox 549 1433 629 1467; x_wconf 86' lang='lat' dir='ltr'>Non</span> <span class='ocrx_word' id='word_1_168' title='bbox 646 1433 728 1466; x_wconf 84' lang='lat' dir='ltr'>volo</span> <span class='ocrx_word' id='word_1_169' title='bbox 744 1431 936 1466; x_wconf 85' lang='lat' dir='ltr'>Ecclesiam</span> <span class='ocrx_word' id='word_1_170' title='bbox 954 1433 1105 1467; x_wconf 82' lang='lat' dir='ltr'>similem</span> <span class='ocrx_word' id='word_1_171' title='bbox 1124 1444 1196 1466; x_wconf 91' lang='lat' dir='ltr'>esse</span> <span class='ocrx_word' id='word_1_172' title='bbox 1214 1433 1278 1465; x_wconf 91' lang='lat' dir='ltr'>im-</span> 
     </span>
     <span class='ocr_line' id='line_1_28' title="bbox 289 1483 1282 1534; baseline -0.006 -13"><span class='ocrx_word' id='word_1_173' title='bbox 289 1488 396 1534; x_wconf 89' lang='lat' dir='ltr'>periis</span> <span class='ocrx_word' id='word_1_174' title='bbox 416 1484 562 1522; x_wconf 87' lang='lat' dir='ltr'>mundi,</span> <span class='ocrx_word' id='word_1_175' title='bbox 597 1485 656 1517; x_wconf 90' lang='lat' dir='ltr'>sed</span> <span class='ocrx_word' id='word_1_176' title='bbox 681 1483 886 1526; x_wconf 82' lang='lat' dir='ltr'>intelligatis</span> <span class='ocrx_word' id='word_1_177' title='bbox 910 1495 971 1517; x_wconf 80' lang='lat' dir='ltr'>vos</span> <span class='ocrx_word' id='word_1_178' title='bbox 994 1495 1066 1517; x_wconf 91' lang='lat' dir='ltr'>esse</span> <span class='ocrx_word' id='word_1_179' title='bbox 1089 1484 1282 1523; x_wconf 84' lang='lat' dir='ltr'>ministros,</span> 
     </span>
     <span class='ocr_line' id='line_1_29' title="bbox 291 1534 1282 1577; baseline -0.008 -4"><span class='ocrx_word' id='word_1_180' title='bbox 291 1547 324 1573; x_wconf 88' lang='lat' dir='ltr'>et</span> <span class='ocrx_word' id='word_1_181' title='bbox 342 1537 492 1571; x_wconf 84' lang='lat' dir='ltr'>nuncios</span> <span class='ocrx_word' id='word_1_182' title='bbox 518 1545 613 1567; x_wconf 82' lang='lat' dir='ltr'>meae</span> <span class='ocrx_word' id='word_1_183' title='bbox 630 1535 743 1573; x_wconf 82' lang='lat' dir='ltr'>vocis,</span> <span class='ocrx_word' id='word_1_184' title='bbox 767 1535 841 1566; x_wconf 84' lang='lat' dir='ltr'>sine</span> <span class='ocrx_word' id='word_1_185' title='bbox 863 1534 990 1571; x_wconf 80' lang='lat' dir='ltr'>arinis,</span> <span class='ocrx_word' id='word_1_186' title='bbox 1015 1535 1091 1566; x_wconf 91' lang='lat' dir='ltr'>sine</span> <span class='ocrx_word' id='word_1_187' title='bbox 1114 1540 1282 1577; x_wconf 86' lang='lat' dir='ltr'>potestate</span> 
     </span>
     <span class='ocr_line' id='line_1_30' title="bbox 290 1584 1283 1632; baseline -0.006 -10"><span class='ocrx_word' id='word_1_188' title='bbox 290 1590 404 1632; x_wconf 85' lang='lat' dir='ltr'>regia,</span> <span class='ocrx_word' id='word_1_189' title='bbox 439 1587 514 1619; x_wconf 91' lang='lat' dir='ltr'>sine</span> <span class='ocrx_word' id='word_1_190' title='bbox 535 1585 715 1628; x_wconf 89' lang='lat' dir='ltr'>opulentia</span> <span class='ocrx_word' id='word_1_191' title='bbox 740 1585 843 1627; x_wconf 86' lang='lat' dir='ltr'>regia.</span> <span class='ocrx_word' id='word_1_192' title='bbox 897 1584 983 1617; x_wconf 78' lang='lat' dir='ltr'>Sitis</span> <span class='ocrx_word' id='word_1_193' title='bbox 1011 1585 1129 1617; x_wconf 82' lang='lat' dir='ltr'>fideles</span> <span class='ocrx_word' id='word_1_194' title='bbox 1154 1584 1190 1616; x_wconf 92' lang='lat' dir='ltr'>in</span> <span class='ocrx_word' id='word_1_195' title='bbox 1214 1584 1283 1616; x_wconf 85' lang='lat' dir='ltr'>mi-</span> 
     </span>
     <span class='ocr_line' id='line_1_31' title="bbox 291 1633 1284 1676; baseline -0.007 -2"><span class='ocrx_word' id='word_1_196' title='bbox 291 1639 456 1675; x_wconf 86' lang='lat' dir='ltr'>nisterio,</span> <span class='ocrx_word' id='word_1_197' title='bbox 485 1643 516 1669; x_wconf 91' lang='lat' dir='ltr'>et</span> <span class='ocrx_word' id='word_1_198' title='bbox 539 1635 666 1668; x_wconf 77' lang='lat' dir='ltr'>servite</span> <span class='ocrx_word' id='word_1_199' title='bbox 689 1642 821 1668; x_wconf 81' lang='lat' dir='ltr'>vestrae</span> <span class='ocrx_word' id='word_1_200' title='bbox 841 1635 1038 1676; x_wconf 84' lang='lat' dir='ltr'>vocationi,</span> <span class='ocrx_word' id='word_1_201' title='bbox 1064 1647 1137 1667; x_wconf 89' lang='lat' dir='ltr'>non</span> <span class='ocrx_word' id='word_1_202' title='bbox 1155 1633 1284 1668; x_wconf 79' lang='lat' dir='ltr'>trahite</span> 
     </span>
     <span class='ocr_line' id='line_1_32' title="bbox 292 1685 1285 1731; baseline -0.005 -6"><span class='ocrx_word' id='word_1_203' title='bbox 292 1694 335 1725; x_wconf 85' lang='lat' dir='ltr'>ad</span> <span class='ocrx_word' id='word_1_204' title='bbox 352 1701 415 1723; x_wconf 90' lang='lat' dir='ltr'>nos</span> <span class='ocrx_word' id='word_1_205' title='bbox 430 1687 721 1731; x_wconf 85' lang='lat' dir='ltr'>gubernationem</span> <span class='ocrx_word' id='word_1_206' title='bbox 733 1685 870 1728; x_wconf 82' lang='lat' dir='ltr'>Regum</span> <span class='ocrx_word' id='word_1_207' title='bbox 881 1693 912 1718; x_wconf 82' lang='lat' dir='ltr'>et</span> <span class='ocrx_word' id='word_1_208' title='bbox 924 1685 1130 1730; x_wconf 81' lang='lat' dir='ltr'>Principum</span> <span class='ocrx_word' id='word_1_209' title='bbox 1147 1685 1285 1720; x_wconf 91' lang='lat' dir='ltr'>mundi.</span> 
     </span>
     <span class='ocr_line' id='line_1_33' title="bbox 294 1734 1286 1781; baseline -0.003 -8"><span class='ocrx_word' id='word_1_210' title='bbox 294 1741 391 1775; x_wconf 85' lang='lat' dir='ltr'>Haec</span> <span class='ocrx_word' id='word_1_211' title='bbox 411 1746 461 1772; x_wconf 90' lang='lat' dir='ltr'>est</span> <span class='ocrx_word' id='word_1_212' title='bbox 483 1736 629 1780; x_wconf 86' lang='lat' dir='ltr'>simplex</span> <span class='ocrx_word' id='word_1_213' title='bbox 653 1737 825 1770; x_wconf 85' lang='lat' dir='ltr'>sententia</span> <span class='ocrx_word' id='word_1_214' title='bbox 852 1737 889 1770; x_wconf 91' lang='lat' dir='ltr'>in</span> <span class='ocrx_word' id='word_1_215' title='bbox 916 1735 982 1769; x_wconf 88' lang='lat' dir='ltr'>hoc</span> <span class='ocrx_word' id='word_1_216' title='bbox 1005 1737 1102 1774; x_wconf 92' lang='lat' dir='ltr'>loco,</span> <span class='ocrx_word' id='word_1_217' title='bbox 1129 1737 1211 1781; x_wconf 88' lang='lat' dir='ltr'>quia</span> <span class='ocrx_word' id='word_1_218' title='bbox 1227 1734 1286 1770; x_wconf 84' lang='lat' dir='ltr'>hic</span> 
     </span>
     <span class='ocr_line' id='line_1_34' title="bbox 299 1785 1285 1837; baseline -0.005 -12"><span class='ocrx_word' id='word_1_219' title='bbox 299 1789 544 1837; x_wconf 83' lang='lat' dir='ltr'>principaliter</span> <span class='ocrx_word' id='word_1_220' title='bbox 560 1787 719 1833; x_wconf 89' lang='lat' dir='ltr'>loquitur</span> <span class='ocrx_word' id='word_1_221' title='bbox 734 1785 896 1821; x_wconf 89' lang='lat' dir='ltr'>Christus</span> <span class='ocrx_word' id='word_1_222' title='bbox 912 1789 955 1821; x_wconf 90' lang='lat' dir='ltr'>de</span> <span class='ocrx_word' id='word_1_223' title='bbox 975 1787 1148 1820; x_wconf 88' lang='lat' dir='ltr'>ministris</span> <span class='ocrx_word' id='word_1_224' title='bbox 1165 1786 1285 1822; x_wconf 87' lang='lat' dir='ltr'>Evan-</span> 
     </span>
     <span class='ocr_line' id='line_1_35' title="bbox 294 1842 388 1887; baseline 0.021 -11"><span class='ocrx_word' id='word_1_225' title='bbox 294 1842 388 1887; x_wconf 80' lang='lat' dir='ltr'>getii.</span> 
     </span>
    </p>

    <p class='ocr_par' dir='ltr' id='par_1_6' title="bbox 294 1886 1288 1977">
     <span class='ocr_line' id='line_1_36' title="bbox 398 1886 1288 1931; baseline -0.002 -7"><span class='ocrx_word' id='word_1_226' title='bbox 398 1890 554 1924; x_wconf 86' lang='lat' dir='ltr'>Poenam</span> <span class='ocrx_word' id='word_1_227' title='bbox 571 1889 676 1923; x_wconf 88' lang='lat' dir='ltr'>etiam</span> <span class='ocrx_word' id='word_1_228' title='bbox 692 1888 893 1923; x_wconf 84' lang='lat' dir='ltr'>minitatur:</span> <span class='ocrx_word' id='word_1_229' title='bbox 921 1887 994 1931; x_wconf 86' lang='lat' dir='ltr'>Qui</span> <span class='ocrx_word' id='word_1_230' title='bbox 1011 1889 1139 1922; x_wconf 87' lang='lat' dir='ltr'>exaltat</span> <span class='ocrx_word' id='word_1_231' title='bbox 1155 1900 1202 1929; x_wconf 89' lang='lat' dir='ltr'>se,</span> <span class='ocrx_word' id='word_1_232' title='bbox 1219 1886 1288 1922; x_wconf 84' lang='lat' dir='ltr'>bu-</span> 
     </span>
     <span class='ocr_line' id='line_1_37' title="bbox 294 1942 505 1977; baseline -0.019 0"><span class='ocrx_word' id='word_1_233' title='bbox 294 1942 505 1977; x_wconf 89' lang='lat' dir='ltr'>miliabitur.</span> 
     </span>
    </p>

    <p class='ocr_par' dir='ltr' id='par_1_7' title="bbox 297 1989 1290 2281">
     <span class='ocr_line' id='line_1_38' title="bbox 398 1989 1287 2040; baseline -0.004 -14"><span class='ocrx_word' id='word_1_234' title='bbox 398 1991 543 2026; x_wconf 85' lang='lat' dir='ltr'>Certum</span> <span class='ocrx_word' id='word_1_235' title='bbox 570 1997 639 2029; x_wconf 81' lang='lat' dir='ltr'>est,</span> <span class='ocrx_word' id='word_1_236' title='bbox 681 1990 823 2040; x_wconf 82' lang='lat' dir='ltr'>quando</span> <span class='ocrx_word' id='word_1_237' title='bbox 849 1989 977 2035; x_wconf 79' lang='lat' dir='ltr'>aliquis</span> <span class='ocrx_word' id='word_1_238' title='bbox 1007 1990 1162 2037; x_wconf 83' lang='lat' dir='ltr'>erumpit</span> <span class='ocrx_word' id='word_1_239' title='bbox 1193 1996 1287 2023; x_wconf 81' lang='lat' dir='ltr'>extra</span> 
     </span>
     <span class='ocr_line' id='line_1_39' title="bbox 297 2040 1288 2084; baseline -0.006 -6"><span class='ocrx_word' id='word_1_240' title='bbox 297 2043 517 2078; x_wconf 83' lang='lat' dir='ltr'>vocationem</span> <span class='ocrx_word' id='word_1_241' title='bbox 539 2052 656 2078; x_wconf 88' lang='lat' dir='ltr'>suam,</span> <span class='ocrx_word' id='word_1_242' title='bbox 691 2047 724 2073; x_wconf 90' lang='lat' dir='ltr'>et</span> <span class='ocrx_word' id='word_1_243' title='bbox 747 2040 891 2083; x_wconf 83' lang='lat' dir='ltr'>suscipit</span> <span class='ocrx_word' id='word_1_244' title='bbox 921 2041 1194 2084; x_wconf 81' lang='lat' dir='ltr'>gubernationes</span> <span class='ocrx_word' id='word_1_245' title='bbox 1216 2052 1288 2073; x_wconf 90' lang='lat' dir='ltr'>non</span> 
     </span>
     <span class='ocr_line' id='line_1_40' title="bbox 298 2092 1290 2140; baseline -0.006 -11"><span class='ocrx_word' id='word_1_246' title='bbox 298 2095 515 2140; x_wconf 86' lang='lat' dir='ltr'>pertinentes</span> <span class='ocrx_word' id='word_1_247' title='bbox 537 2092 580 2124; x_wconf 81' lang='lat' dir='ltr'>ad</span> <span class='ocrx_word' id='word_1_248' title='bbox 608 2101 705 2124; x_wconf 78' lang='lat' dir='ltr'>suam</span> <span class='ocrx_word' id='word_1_249' title='bbox 733 2092 971 2131; x_wconf 75' lang='lat' dir='ltr'>vocationem,</span> <span class='ocrx_word' id='word_1_250' title='bbox 1006 2099 1089 2126; x_wconf 88' lang='lat' dir='ltr'>tunc</span> <span class='ocrx_word' id='word_1_251' title='bbox 1119 2098 1236 2135; x_wconf 87' lang='lat' dir='ltr'>peccat</span> <span class='ocrx_word' id='word_1_252' title='bbox 1259 2098 1290 2125; x_wconf 73' lang='lat' dir='ltr'>et</span> 
     </span>
     <span class='ocr_line' id='line_1_41' title="bbox 299 2142 1288 2192; baseline -0.003 -13"><span class='ocrx_word' id='word_1_253' title='bbox 299 2146 465 2192; x_wconf 75' lang='lat' dir='ltr'>punitur.</span> <span class='ocrx_word' id='word_1_254' title='bbox 500 2142 587 2175; x_wconf 90' lang='lat' dir='ltr'>sicut</span> <span class='ocrx_word' id='word_1_255' title='bbox 614 2142 768 2185; x_wconf 84' lang='lat' dir='ltr'>peccavit</span> <span class='ocrx_word' id='word_1_256' title='bbox 790 2150 821 2175; x_wconf 89' lang='lat' dir='ltr'>et</span> <span class='ocrx_word' id='word_1_257' title='bbox 849 2143 992 2184; x_wconf 82' lang='lat' dir='ltr'>punitus</span> <span class='ocrx_word' id='word_1_258' title='bbox 1009 2150 1058 2176; x_wconf 89' lang='lat' dir='ltr'>est</span> <span class='ocrx_word' id='word_1_259' title='bbox 1079 2142 1239 2176; x_wconf 77' lang='lat' dir='ltr'>Absolon</span> <span class='ocrx_word' id='word_1_260' title='bbox 1259 2150 1288 2176; x_wconf 90' lang='lat' dir='ltr'>et</span> 
     </span>
     <span class='ocr_line' id='line_1_42' title="bbox 300 2192 1290 2238; baseline -0.004 -8"><span class='ocrx_word' id='word_1_261' title='bbox 300 2198 359 2231; x_wconf 87' lang='lat' dir='ltr'>alii</span> <span class='ocrx_word' id='word_1_262' title='bbox 380 2195 496 2233; x_wconf 79' lang='lat' dir='ltr'>multi,</span> <span class='ocrx_word' id='word_1_263' title='bbox 523 2193 582 2237; x_wconf 88' lang='lat' dir='ltr'>qui</span> <span class='ocrx_word' id='word_1_264' title='bbox 603 2192 792 2225; x_wconf 85' lang='lat' dir='ltr'>voluerunt</span> <span class='ocrx_word' id='word_1_265' title='bbox 810 2204 905 2235; x_wconf 82' lang='lat' dir='ltr'>reges</span> <span class='ocrx_word' id='word_1_266' title='bbox 924 2194 997 2226; x_wconf 83' lang='lat' dir='ltr'>fieri</span> <span class='ocrx_word' id='word_1_267' title='bbox 1011 2221 1019 2234; x_wconf 89' lang='lat'>‚</span> <span class='ocrx_word' id='word_1_268' title='bbox 1044 2194 1119 2226; x_wconf 89' lang='lat' dir='ltr'>sine</span> <span class='ocrx_word' id='word_1_269' title='bbox 1136 2193 1290 2238; x_wconf 78' lang='lat' dir='ltr'>legitiina</span> 
     </span>
     <span class='ocr_line' id='line_1_43' title="bbox 301 2254 496 2281; baseline -0.026 0"><span class='ocrx_word' id='word_1_270' title='bbox 301 2254 496 2281; x_wconf 78' lang='lat' dir='ltr'>vocatione.</span> 
     </span>
    </p>

    <p class='ocr_par' dir='ltr' id='par_1_8' title="bbox 303 2292 1294 2535">
     <span class='ocr_line' id='line_1_44' title="bbox 401 2292 1293 2330; baseline 0.001 -3"><span class='ocrx_word' id='word_1_271' title='bbox 401 2295 518 2330; x_wconf 63' lang='lat' dir='ltr'>Etiam</span> <span class='ocrx_word' id='word_1_272' title='bbox 543 2293 645 2327; x_wconf 92' lang='lat' dir='ltr'>multi</span> <span class='ocrx_word' id='word_1_273' title='bbox 664 2292 851 2327; x_wconf 71' lang='lat' dir='ltr'>PontIfices</span> <span class='ocrx_word' id='word_1_274' title='bbox 875 2294 909 2327; x_wconf 93' lang='lat' dir='ltr'>in</span> <span class='ocrx_word' id='word_1_275' title='bbox 931 2292 995 2327; x_wconf 88' lang='lat' dir='ltr'>hac</span> <span class='ocrx_word' id='word_1_276' title='bbox 1019 2294 1087 2327; x_wconf 83' lang='lat' dir='ltr'>vita</span> <span class='ocrx_word' id='word_1_277' title='bbox 1107 2293 1293 2329; x_wconf 83' lang='lat' dir='ltr'>horribili-</span> 
     </span>
     <span class='ocr_line' id='line_1_45' title="bbox 303 2344 1294 2392; baseline -0.004 -9"><span class='ocrx_word' id='word_1_278' title='bbox 303 2358 355 2383; x_wconf 86' lang='lat' dir='ltr'>ter</span> <span class='ocrx_word' id='word_1_279' title='bbox 386 2346 498 2392; x_wconf 69' lang='lat' dir='ltr'>puniti</span> <span class='ocrx_word' id='word_1_280' title='bbox 530 2351 631 2384; x_wconf 86' lang='lat' dir='ltr'>suut,</span> <span class='ocrx_word' id='word_1_281' title='bbox 675 2351 712 2377; x_wconf 92' lang='lat' dir='ltr'>ut</span> <span class='ocrx_word' id='word_1_282' title='bbox 735 2357 813 2378; x_wconf 80' lang='lat' dir='ltr'>cuin</span> <span class='ocrx_word' id='word_1_283' title='bbox 839 2344 952 2389; x_wconf 86' lang='lat' dir='ltr'>Papae</span> <span class='ocrx_word' id='word_1_284' title='bbox 975 2344 1168 2379; x_wconf 71' lang='lat' dir='ltr'>Alexandri</span> <span class='ocrx_word' id='word_1_285' title='bbox 1202 2348 1294 2379; x_wconf 81' lang='lat' dir='ltr'>filius</span> 
     </span>
     <span class='ocr_line' id='line_1_46' title="bbox 303 2395 1293 2440; baseline -0.003 -8"><span class='ocrx_word' id='word_1_286' title='bbox 303 2399 407 2432; x_wconf 78' lang='lat' dir='ltr'>vellet</span> <span class='ocrx_word' id='word_1_287' title='bbox 436 2407 571 2429; x_wconf 67' lang='lat' dir='ltr'>veneno</span> <span class='ocrx_word' id='word_1_288' title='bbox 601 2395 794 2428; x_wconf 82' lang='lat' dir='ltr'>interficere</span> <span class='ocrx_word' id='word_1_289' title='bbox 819 2398 988 2440; x_wconf 86' lang='lat' dir='ltr'>quosdam</span> <span class='ocrx_word' id='word_1_290' title='bbox 1007 2395 1212 2430; x_wconf 72' lang='lat' dir='ltr'>Cardinales</span> <span class='ocrx_word' id='word_1_291' title='bbox 1240 2398 1293 2429; x_wconf 88' lang='lat' dir='ltr'>in-</span> 
     </span>
     <span class='ocr_line' id='line_1_47' title="bbox 307 2446 1294 2491; baseline -0.002 -8"><span class='ocrx_word' id='word_1_292' title='bbox 307 2451 433 2483; x_wconf 62' lang='lat' dir='ltr'>vitatos</span> <span class='ocrx_word' id='word_1_293' title='bbox 448 2447 490 2479; x_wconf 81' lang='lat' dir='ltr'>ad</span> <span class='ocrx_word' id='word_1_294' title='bbox 509 2457 684 2482; x_wconf 84' lang='lat' dir='ltr'>mensam,</span> <span class='ocrx_word' id='word_1_295' title='bbox 722 2454 818 2489; x_wconf 85' lang='lat' dir='ltr'>pater</span> <span class='ocrx_word' id='word_1_296' title='bbox 843 2447 933 2491; x_wconf 78' lang='lat' dir='ltr'>Papa</span> <span class='ocrx_word' id='word_1_297' title='bbox 953 2446 1152 2481; x_wconf 74' lang='lat' dir='ltr'>Alexander</span> <span class='ocrx_word' id='word_1_298' title='bbox 1178 2461 1294 2481; x_wconf 83' lang='lat' dir='ltr'>errore</span> 
     </span>
     <span class='ocr_line' id='line_1_48' title="bbox 311 2497 1018 2535; baseline -0.004 -1"><span class='ocrx_word' id='word_1_299' title='bbox 311 2500 426 2534; x_wconf 77' lang='lat' dir='ltr'>lmusit</span> <span class='ocrx_word' id='word_1_300' title='bbox 447 2508 642 2535; x_wconf 82' lang='lat' dir='ltr'>venenum,</span> <span class='ocrx_word' id='word_1_301' title='bbox 671 2503 700 2529; x_wconf 89' lang='lat' dir='ltr'>et</span> <span class='ocrx_word' id='word_1_302' title='bbox 721 2497 765 2529; x_wconf 86' lang='lat' dir='ltr'>ita</span> <span class='ocrx_word' id='word_1_303' title='bbox 782 2507 941 2532; x_wconf 85' lang='lat' dir='ltr'>mortuns</span> <span class='ocrx_word' id='word_1_304' title='bbox 958 2504 1018 2531; x_wconf 90' lang='lat' dir='ltr'>est.</span> 
     </span>
    </p>

    <p class='ocr_par' dir='ltr' id='par_1_9' title="bbox 407 2545 1294 2589">
     <span class='ocr_line' id='line_1_49' title="bbox 407 2545 1294 2589; baseline 0 -7"><span class='ocrx_word' id='word_1_305' title='bbox 407 2548 511 2582; x_wconf 80' lang='lat' dir='ltr'>Talia</span> <span class='ocrx_word' id='word_1_306' title='bbox 530 2547 684 2589; x_wconf 73' lang='lat' dir='ltr'>exempla</span> <span class='ocrx_word' id='word_1_307' title='bbox 696 2545 830 2581; x_wconf 73' lang='lat' dir='ltr'>Romae</span> <span class='ocrx_word' id='word_1_308' title='bbox 849 2549 958 2582; x_wconf 86' lang='lat' dir='ltr'>multa</span> <span class='ocrx_word' id='word_1_309' title='bbox 978 2549 1197 2583; x_wconf 78' lang='lat' dir='ltr'>acciderunt:</span> <span class='ocrx_word' id='word_1_310' title='bbox 1230 2549 1294 2582; x_wconf 54' lang='lat' dir='ltr'>Pa-</span> 
     </span>
    </p>
   </div>
   <div class='ocr_carea' id='block_1_3' title="bbox 308 2597 1295 2687">
    <p class='ocr_par' dir='ltr' id='par_1_10' title="bbox 308 2597 1295 2687">
     <span class='ocr_line' id='line_1_50' title="bbox 308 2597 1295 2646; baseline -0.001 -12"><span class='ocrx_word' id='word_1_311' title='bbox 308 2616 349 2646; x_wconf 71' lang='lat' dir='ltr'>pa</span> <span class='ocrx_word' id='word_1_312' title='bbox 366 2601 538 2638; x_wconf 62' lang='lat' dir='ltr'>Clemens,</span> <span class='ocrx_word' id='word_1_313' title='bbox 562 2597 740 2641; x_wconf 80' lang='lat' dir='ltr'>proximus</span> <span class='ocrx_word' id='word_1_314' title='bbox 757 2606 836 2632; x_wconf 79' lang='lat' dir='ltr'>aute</span> <span class='ocrx_word' id='word_1_315' title='bbox 853 2598 1001 2633; x_wconf 77' lang='lat' dir='ltr'>Paulum</span> <span class='ocrx_word' id='word_1_316' title='bbox 1019 2600 1173 2640; x_wconf 83' lang='lat' dir='ltr'>tertium,</span> <span class='ocrx_word' id='word_1_317' title='bbox 1194 2601 1295 2634; x_wconf 76' lang='lat' dir='ltr'>eumn</span> 
     </span>
     <span class='ocr_line' id='line_1_51' title="bbox 310 2655 684 2687; baseline -0.008 -3"><span class='ocrx_word' id='word_1_318' title='bbox 310 2664 444 2687; x_wconf 71' lang='lat' dir='ltr'>veneno</span> <span class='ocrx_word' id='word_1_319' title='bbox 463 2656 605 2683; x_wconf 73' lang='lat' dir='ltr'>necatus</span> <span class='ocrx_word' id='word_1_320' title='bbox 620 2655 684 2682; x_wconf 80' lang='lat' dir='ltr'>est.</span> 
     </span>
    </p>
   </div>
   <div class='ocr_carea' id='block_1_4' title="bbox 863 80 1699 120">
    <p class='ocr_par' dir='ltr' id='par_1_11' title="bbox 863 80 1699 120">
     <span class='ocr_line' id='line_1_52' title="bbox 863 80 1699 120; baseline 0.004 -3"><span class='ocrx_word' id='word_1_321' title='bbox 863 82 991 119; x_wconf 89' lang='lat' dir='ltr'>PHIL.</span> <span class='ocrx_word' id='word_1_322' title='bbox 1018 81 1134 117; x_wconf 79' lang='lat' dir='ltr'><strong>MEL.</strong></span> <span class='ocrx_word' id='word_1_323' title='bbox 1160 80 1368 117; x_wconf 79' lang='lat' dir='ltr'><strong>SCRIPTA</strong></span> <span class='ocrx_word' id='word_1_324' title='bbox 1396 82 1699 120; x_wconf 83' lang='lat' dir='ltr'>EXEGETlCA.</span> 
     </span>
    </p>
   </div>
   <div class='ocr_carea' id='block_1_5' title="bbox 2226 84 2303 119">
    <p class='ocr_par' dir='ltr' id='par_1_12' title="bbox 2226 84 2303 119">
     <span class='ocr_line' id='line_1_53' title="bbox 2226 84 2303 119; baseline 0.013 -1"><span class='ocrx_word' id='word_1_325' title='bbox 2226 84 2303 119; x_wconf 78' lang='lat'>972</span> 
     </span>
    </p>
   </div>
   <div class='ocr_carea' id='block_1_6' title="bbox 1317 167 2320 821">
    <p class='ocr_par' dir='ltr' id='par_1_13' title="bbox 1317 167 2306 265">
     <span class='ocr_line' id='line_1_54' title="bbox 1416 167 2306 214; baseline -0.001 -11"><span class='ocrx_word' id='word_1_326' title='bbox 1416 167 1487 203; x_wconf 88' lang='lat' dir='ltr'>Sed</span> <span class='ocrx_word' id='word_1_327' title='bbox 1520 169 1609 203; x_wconf 83' lang='lat' dir='ltr'>aliae</span> <span class='ocrx_word' id='word_1_328' title='bbox 1648 179 1783 214; x_wconf 86' lang='lat' dir='ltr'>poenae</span> <span class='ocrx_word' id='word_1_329' title='bbox 1816 173 1978 202; x_wconf 85' lang='lat' dir='ltr'>aeternae</span> <span class='ocrx_word' id='word_1_330' title='bbox 2011 168 2124 203; x_wconf 88' lang='lat' dir='ltr'>multo</span> <span class='ocrx_word' id='word_1_331' title='bbox 2157 169 2306 204; x_wconf 82' lang='lat' dir='ltr'>maiores</span> 
     </span>
     <span class='ocr_line' id='line_1_55' title="bbox 1317 219 1903 265; baseline 0.003 -12"><span class='ocrx_word' id='word_1_332' title='bbox 1317 220 1560 264; x_wconf 89' lang='lat' dir='ltr'>praesentibus</span> <span class='ocrx_word' id='word_1_333' title='bbox 1577 219 1682 254; x_wconf 88' lang='lat' dir='ltr'>etiam</span> <span class='ocrx_word' id='word_1_334' title='bbox 1701 225 1903 265; x_wconf 84' lang='lat' dir='ltr'>sequentur.</span> 
     </span>
    </p>

    <p class='ocr_par' dir='ltr' id='par_1_14' title="bbox 1320 268 2314 516">
     <span class='ocr_line' id='line_1_56' title="bbox 1417 268 2312 314; baseline -0.001 -11"><span class='ocrx_word' id='word_1_335' title='bbox 1417 268 1464 304; x_wconf 86' lang='lat' dir='ltr'>Et</span> <span class='ocrx_word' id='word_1_336' title='bbox 1486 269 1582 305; x_wconf 82' lang='lat' dir='ltr'>Deus</span> <span class='ocrx_word' id='word_1_337' title='bbox 1605 270 1746 305; x_wconf 89' lang='lat' dir='ltr'>tandem</span> <span class='ocrx_word' id='word_1_338' title='bbox 1772 268 1861 304; x_wconf 89' lang='lat' dir='ltr'>hanc</span> <span class='ocrx_word' id='word_1_339' title='bbox 1886 270 2079 314; x_wconf 88' lang='lat' dir='ltr'>potentiam</span> <span class='ocrx_word' id='word_1_340' title='bbox 2098 269 2312 304; x_wconf 87' lang='lat' dir='ltr'>Pontificum</span> 
     </span>
     <span class='ocr_line' id='line_1_57' title="bbox 1320 318 2312 365; baseline 0 -11"><span class='ocrx_word' id='word_1_341' title='bbox 1320 327 1353 355; x_wconf 86' lang='lat' dir='ltr'>et</span> <span class='ocrx_word' id='word_1_342' title='bbox 1370 318 1628 365; x_wconf 88' lang='lat' dir='ltr'>Episcoporum</span> <span class='ocrx_word' id='word_1_343' title='bbox 1647 323 1821 361; x_wconf 88' lang='lat' dir='ltr'>destruet,</span> <span class='ocrx_word' id='word_1_344' title='bbox 1846 321 1982 354; x_wconf 87' lang='lat' dir='ltr'>etiamsi</span> <span class='ocrx_word' id='word_1_345' title='bbox 2007 321 2069 354; x_wconf 91' lang='lat' dir='ltr'>diu</span> <span class='ocrx_word' id='word_1_346' title='bbox 2091 331 2166 354; x_wconf 90' lang='lat' dir='ltr'>eam</span> <span class='ocrx_word' id='word_1_347' title='bbox 2183 320 2312 354; x_wconf 90' lang='lat' dir='ltr'>tolera-</span> 
     </span>
     <span class='ocr_line' id='line_1_58' title="bbox 1320 369 2314 416; baseline 0 -12"><span class='ocrx_word' id='word_1_348' title='bbox 1320 371 1389 410; x_wconf 89' lang='lat' dir='ltr'>vit,</span> <span class='ocrx_word' id='word_1_349' title='bbox 1417 371 1500 416; x_wconf 88' lang='lat' dir='ltr'>quia</span> <span class='ocrx_word' id='word_1_350' title='bbox 1518 371 1556 404; x_wconf 91' lang='lat' dir='ltr'>in</span> <span class='ocrx_word' id='word_1_351' title='bbox 1576 371 1644 404; x_wconf 87' lang='lat' dir='ltr'>fine</span> <span class='ocrx_word' id='word_1_352' title='bbox 1666 372 1792 405; x_wconf 90' lang='lat' dir='ltr'>mundi</span> <span class='ocrx_word' id='word_1_353' title='bbox 1807 369 1874 405; x_wconf 89' lang='lat' dir='ltr'>hoc</span> <span class='ocrx_word' id='word_1_354' title='bbox 1892 382 2041 414; x_wconf 84' lang='lat' dir='ltr'>regnum</span> <span class='ocrx_word' id='word_1_355' title='bbox 2058 370 2172 415; x_wconf 80' lang='lat' dir='ltr'>Papae</span> <span class='ocrx_word' id='word_1_356' title='bbox 2186 369 2314 404; x_wconf 87' lang='lat' dir='ltr'>habuit</span> 
     </span>
     <span class='ocr_line' id='line_1_59' title="bbox 1321 419 2314 469; baseline -0.002 -13"><span class='ocrx_word' id='word_1_357' title='bbox 1321 429 1454 456; x_wconf 89' lang='lat' dir='ltr'>certum</span> <span class='ocrx_word' id='word_1_358' title='bbox 1480 428 1639 466; x_wconf 85' lang='lat' dir='ltr'>tempus,</span> <span class='ocrx_word' id='word_1_359' title='bbox 1671 421 1760 456; x_wconf 91' lang='lat' dir='ltr'>sicut</span> <span class='ocrx_word' id='word_1_360' title='bbox 1787 419 2023 466; x_wconf 88' lang='lat' dir='ltr'>pharisaicum</span> <span class='ocrx_word' id='word_1_361' title='bbox 2048 433 2196 465; x_wconf 89' lang='lat' dir='ltr'>regnum</span> <span class='ocrx_word' id='word_1_362' title='bbox 2217 422 2314 469; x_wconf 87' lang='lat' dir='ltr'>apud</span> 
     </span>
     <span class='ocr_line' id='line_1_60' title="bbox 1323 470 1977 516; baseline 0 -10"><span class='ocrx_word' id='word_1_363' title='bbox 1323 472 1470 507; x_wconf 87' lang='lat' dir='ltr'>Iudaeos</span> <span class='ocrx_word' id='word_1_364' title='bbox 1486 470 1611 506; x_wconf 86' lang='lat' dir='ltr'>habuit</span> <span class='ocrx_word' id='word_1_365' title='bbox 1626 478 1759 506; x_wconf 90' lang='lat' dir='ltr'>certum</span> <span class='ocrx_word' id='word_1_366' title='bbox 1779 479 1928 516; x_wconf 88' lang='lat' dir='ltr'>tempus.</span> <span class='ocrx_word' id='word_1_367' title='bbox 1973 485 1977 490; x_wconf 74' lang='grc'><strong>’</strong></span> 
     </span>
    </p>

    <p class='ocr_par' dir='ltr' id='par_1_15' title="bbox 1323 519 2320 821">
     <span class='ocr_line' id='line_1_61' title="bbox 1422 519 2313 567; baseline -0.002 -11"><span class='ocrx_word' id='word_1_368' title='bbox 1422 522 1519 557; x_wconf 90' lang='lat' dir='ltr'>Haec</span> <span class='ocrx_word' id='word_1_369' title='bbox 1536 523 1572 556; x_wconf 87' lang='lat' dir='ltr'>in</span> <span class='ocrx_word' id='word_1_370' title='bbox 1589 534 1716 567; x_wconf 86' lang='lat' dir='ltr'>genere</span> <span class='ocrx_word' id='word_1_371' title='bbox 1731 522 1858 556; x_wconf 87' lang='lat' dir='ltr'>dixisse</span> <span class='ocrx_word' id='word_1_372' title='bbox 1876 523 1959 557; x_wconf 89' lang='lat' dir='ltr'>satis</span> <span class='ocrx_word' id='word_1_373' title='bbox 1977 522 2021 556; x_wconf 89' lang='lat' dir='ltr'>sit</span> <span class='ocrx_word' id='word_1_374' title='bbox 2044 523 2088 556; x_wconf 89' lang='lat' dir='ltr'>de</span> <span class='ocrx_word' id='word_1_375' title='bbox 2111 519 2179 555; x_wconf 88' lang='lat' dir='ltr'>hoc</span> <span class='ocrx_word' id='word_1_376' title='bbox 2201 522 2313 556; x_wconf 88' lang='lat' dir='ltr'>dicto:</span> 
     </span>
     <span class='ocr_line' id='line_1_62' title="bbox 1323 571 2316 617; baseline -0.002 -10"><span class='ocrx_word' id='word_1_377' title='bbox 1323 573 1397 617; x_wconf 84' lang='lat' dir='ltr'>Qui</span> <span class='ocrx_word' id='word_1_378' title='bbox 1430 585 1466 608; x_wconf 92' lang='lat' dir='ltr'>se</span> <span class='ocrx_word' id='word_1_379' title='bbox 1496 575 1643 615; x_wconf 85' lang='lat' dir='ltr'>exaltat,</span> <span class='ocrx_word' id='word_1_380' title='bbox 1676 571 1935 609; x_wconf 87' lang='lat' dir='ltr'>humiliabitur.</span> <span class='ocrx_word' id='word_1_381' title='bbox 1986 571 2051 607; x_wconf 90' lang='lat' dir='ltr'>Est</span> <span class='ocrx_word' id='word_1_382' title='bbox 2074 579 2192 606; x_wconf 89' lang='lat' dir='ltr'>autem</span> <span class='ocrx_word' id='word_1_383' title='bbox 2218 583 2316 606; x_wconf 89' lang='lat' dir='ltr'>com-</span> 
     </span>
     <span class='ocr_line' id='line_1_63' title="bbox 1323 623 2316 670; baseline -0.002 -12"><span class='ocrx_word' id='word_1_384' title='bbox 1323 636 1432 659; x_wconf 91' lang='lat' dir='ltr'>mune</span> <span class='ocrx_word' id='word_1_385' title='bbox 1463 625 1616 666; x_wconf 89' lang='lat' dir='ltr'>dictum,</span> <span class='ocrx_word' id='word_1_386' title='bbox 1656 625 1751 670; x_wconf 92' lang='lat' dir='ltr'>quod</span> <span class='ocrx_word' id='word_1_387' title='bbox 1775 635 1850 657; x_wconf 91' lang='lat' dir='ltr'>non</span> <span class='ocrx_word' id='word_1_388' title='bbox 1870 624 1984 657; x_wconf 88' lang='lat' dir='ltr'>solum</span> <span class='ocrx_word' id='word_1_389' title='bbox 2011 623 2215 664; x_wconf 89' lang='lat' dir='ltr'>ministros,</span> <span class='ocrx_word' id='word_1_390' title='bbox 2254 623 2316 656; x_wconf 86' lang='lat' dir='ltr'>sed</span> 
     </span>
     <span class='ocr_line' id='line_1_64' title="bbox 1324 673 2318 712; baseline -0.003 -3"><span class='ocrx_word' id='word_1_391' title='bbox 1324 676 1430 709; x_wconf 90' lang='lat' dir='ltr'>etiam</span> <span class='ocrx_word' id='word_1_392' title='bbox 1448 676 1536 709; x_wconf 89' lang='lat' dir='ltr'>alios</span> <span class='ocrx_word' id='word_1_393' title='bbox 1551 673 1713 709; x_wconf 89' lang='lat' dir='ltr'>homiues</span> <span class='ocrx_word' id='word_1_394' title='bbox 1727 674 1973 709; x_wconf 87' lang='lat' dir='ltr'>universaliter</span> <span class='ocrx_word' id='word_1_395' title='bbox 1988 675 2101 712; x_wconf 87' lang='lat' dir='ltr'>docet,</span> <span class='ocrx_word' id='word_1_396' title='bbox 2124 681 2163 708; x_wconf 89' lang='lat' dir='ltr'>ut</span> <span class='ocrx_word' id='word_1_397' title='bbox 2179 674 2318 707; x_wconf 89' lang='lat' dir='ltr'>discant</span> 
     </span>
     <span class='ocr_line' id='line_1_65' title="bbox 1325 725 2319 769; baseline -0.003 -9"><span class='ocrx_word' id='word_1_398' title='bbox 1325 738 1467 760; x_wconf 89' lang='lat' dir='ltr'>manere</span> <span class='ocrx_word' id='word_1_399' title='bbox 1487 726 1579 760; x_wconf 89' lang='lat' dir='ltr'>intra</span> <span class='ocrx_word' id='word_1_400' title='bbox 1606 726 1847 766; x_wconf 86' lang='lat' dir='ltr'>vocationem,</span> <span class='ocrx_word' id='word_1_401' title='bbox 1874 737 1947 757; x_wconf 90' lang='lat' dir='ltr'>non</span> <span class='ocrx_word' id='word_1_402' title='bbox 1971 725 2162 769; x_wconf 83' lang='lat' dir='ltr'>suscipiant</span> <span class='ocrx_word' id='word_1_403' title='bbox 2189 725 2319 767; x_wconf 90' lang='lat' dir='ltr'>guber-</span> 
     </span>
     <span class='ocr_line' id='line_1_66' title="bbox 1325 774 2320 821; baseline -0.003 -11"><span class='ocrx_word' id='word_1_404' title='bbox 1325 777 1489 811; x_wconf 89' lang='lat' dir='ltr'>nationes</span> <span class='ocrx_word' id='word_1_405' title='bbox 1516 789 1557 810; x_wconf 84' lang='lat' dir='ltr'>ex</span> <span class='ocrx_word' id='word_1_406' title='bbox 1572 777 1754 821; x_wconf 88' lang='lat' dir='ltr'>superbia,</span> <span class='ocrx_word' id='word_1_407' title='bbox 1779 777 1856 809; x_wconf 90' lang='lat' dir='ltr'>siue</span> <span class='ocrx_word' id='word_1_408' title='bbox 1881 775 2082 809; x_wconf 85' lang='lat' dir='ltr'>vocatione:</span> <span class='ocrx_word' id='word_1_409' title='bbox 2110 787 2182 808; x_wconf 89' lang='lat' dir='ltr'>non</span> <span class='ocrx_word' id='word_1_410' title='bbox 2199 781 2251 808; x_wconf 89' lang='lat' dir='ltr'>est</span> <span class='ocrx_word' id='word_1_411' title='bbox 2267 774 2320 807; x_wconf 84' lang='lat' dir='ltr'>fe-</span> 
     </span>
    </p>
   </div>
   <div class='ocr_carea' id='block_1_7' title="bbox 1326 822 2322 923">
    <p class='ocr_par' dir='ltr' id='par_1_16' title="bbox 1326 822 2322 923">
     <span class='ocr_line' id='line_1_67' title="bbox 1326 822 2322 911; baseline -0.003 -50"><span class='ocrx_word' id='word_1_412' title='bbox 1326 829 1373 861; x_wconf 87' lang='lat' dir='ltr'>lix</span> <span class='ocrx_word' id='word_1_413' title='bbox 1388 825 1543 911; x_wconf 58' lang='lat' dir='ltr'>hudmgna</span> <span class='ocrx_word' id='word_1_414' title='bbox 1565 827 1748 872; x_wconf 85' lang='lat' dir='ltr'>superbia,</span> <span class='ocrx_word' id='word_1_415' title='bbox 1772 827 1832 860; x_wconf 90' lang='lat' dir='ltr'>sed</span> <span class='ocrx_word' id='word_1_416' title='bbox 1857 823 1953 860; x_wconf 86' lang='lat' dir='ltr'>haud</span> <span class='ocrx_word' id='word_1_417' title='bbox 1968 822 2322 860; x_wconf 54' lang='lat' dir='ltr'>dubie&#39;confunditur</span> 
     </span>
     <span class='ocr_line' id='line_1_68' title="bbox 1327 883 2075 923; baseline -0.003 -11"><span class='ocrx_word' id='word_1_418' title='bbox 1327 885 1361 913; x_wconf 87' lang='lat' dir='ltr'>et</span> <span class='ocrx_word' id='word_1_419' title='bbox 1377 890 1423 923; x_wconf 92' lang='lat' dir='ltr'>pu</span> <span class='ocrx_word' id='word_1_420' title='bbox 1454 891 1469 910; x_wconf 90' lang='lat' dir='ltr'>e</span> <span class='ocrx_word' id='word_1_421' title='bbox 1497 885 1522 912; x_wconf 85' lang='lat' dir='ltr'>t.</span> <span class='ocrx_word' id='word_1_422' title='bbox 2069 883 2075 890; x_wconf 90' lang='lat'>&#39;</span> 
     </span>
    </p>
   </div>
   <div class='ocr_carea' id='block_1_8' title="bbox 1430 925 2329 1012">
    <p class='ocr_par' dir='ltr' id='par_1_17' title="bbox 1430 907 2387 1012">
     <span class='ocr_line' id='line_1_69' title="bbox 1430 925 2322 969; baseline -0.005 -7"><span class='ocrx_word' id='word_1_423' title='bbox 1430 928 1513 962; x_wconf 89' lang='lat' dir='ltr'>Ideo</span> <span class='ocrx_word' id='word_1_424' title='bbox 1538 927 1655 962; x_wconf 84' lang='lat' dir='ltr'>Lucae</span> <span class='ocrx_word' id='word_1_425' title='bbox 1676 927 1733 963; x_wconf 84' lang='lat'>16.</span> <span class='ocrx_word' id='word_1_426' title='bbox 1751 927 1899 961; x_wconf 83' lang='lat' dir='ltr'>dicitur:</span> <span class='ocrx_word' id='word_1_427' title='bbox 1929 926 2037 969; x_wconf 88' lang='lat' dir='ltr'>Quod</span> <span class='ocrx_word' id='word_1_428' title='bbox 2058 937 2174 959; x_wconf 88' lang='lat' dir='ltr'>coram</span> <span class='ocrx_word' id='word_1_429' title='bbox 2202 925 2322 959; x_wconf 87' lang='lat' dir='ltr'>homi·</span> 
     </span>
     <span class='ocr_line' id='line_1_70' title="bbox 1759 974 2329 1012; baseline -0.002 0"><span class='ocrx_word' id='word_1_430' title='bbox 1759 978 1976 1012; x_wconf 83' lang='lat' dir='ltr'>abominatio</span> <span class='ocrx_word' id='word_1_431' title='bbox 2007 983 2059 1010; x_wconf 90' lang='lat' dir='ltr'>est</span> <span class='ocrx_word' id='word_1_432' title='bbox 2090 987 2208 1010; x_wconf 89' lang='lat' dir='ltr'>coram</span> <span class='ocrx_word' id='word_1_433' title='bbox 2233 974 2329 1011; x_wconf 59' lang='lat' dir='ltr'>Deo.&lt;</span> 
     </span>
    </p>
   </div>
   <div class='ocr_carea' id='block_1_9' title="bbox 1328 979 1718 1018">
    <p class='ocr_par' dir='ltr' id='par_1_18' title="bbox 1328 979 1718 1018">
     <span class='ocr_line' id='line_1_71' title="bbox 1328 979 1718 1018; baseline -0.005 -5"><span class='ocrx_word' id='word_1_434' title='bbox 1328 980 1435 1013; x_wconf 84' lang='lat' dir='ltr'>nibus</span> <span class='ocrx_word' id='word_1_435' title='bbox 1468 979 1621 1012; x_wconf 87' lang='lat' dir='ltr'>sublime</span> <span class='ocrx_word' id='word_1_436' title='bbox 1645 985 1718 1018; x_wconf 88' lang='lat' dir='ltr'>est,</span> 
     </span>
    </p>
   </div>
   <div class='ocr_carea' id='block_1_10' title="bbox 1329 1026 2341 2696">
    <p class='ocr_par' dir='ltr' id='par_1_19' title="bbox 1329 1026 2324 1115">
     <span class='ocr_line' id='line_1_72' title="bbox 1330 1026 2324 1073; baseline -0.003 -11"><span class='ocrx_word' id='word_1_437' title='bbox 1330 1030 1443 1064; x_wconf 79' lang='lat' dir='ltr'>Valde</span> <span class='ocrx_word' id='word_1_438' title='bbox 1460 1036 1561 1063; x_wconf 84' lang='lat' dir='ltr'>atrox</span> <span class='ocrx_word' id='word_1_439' title='bbox 1583 1029 1795 1073; x_wconf 83' lang='lat' dir='ltr'>vituperatio</span> <span class='ocrx_word' id='word_1_440' title='bbox 1815 1036 1865 1063; x_wconf 92' lang='lat' dir='ltr'>est</span> <span class='ocrx_word' id='word_1_441' title='bbox 1882 1028 2088 1073; x_wconf 87' lang='lat' dir='ltr'>superbiae,</span> <span class='ocrx_word' id='word_1_442' title='bbox 2113 1027 2210 1072; x_wconf 90' lang='lat' dir='ltr'>quod</span> <span class='ocrx_word' id='word_1_443' title='bbox 2226 1026 2324 1067; x_wconf 80' lang='lat' dir='ltr'>dicit,</span> 
     </span>
     <span class='ocr_line' id='line_1_73' title="bbox 1329 1081 1632 1115; baseline 0 0"><span class='ocrx_word' id='word_1_444' title='bbox 1329 1081 1550 1115; x_wconf 88' lang='lat' dir='ltr'>abominatio</span> <span class='ocrx_word' id='word_1_445' title='bbox 1571 1088 1632 1115; x_wconf 90' lang='lat' dir='ltr'>est.</span> 
     </span>
    </p>

    <p class='ocr_par' dir='ltr' id='par_1_20' title="bbox 1330 1124 2330 1428">
     <span class='ocr_line' id='line_1_74' title="bbox 1429 1124 2324 1175; baseline -0.006 -11"><span class='ocrx_word' id='word_1_446' title='bbox 1429 1131 1524 1174; x_wconf 87' lang='lat' dir='ltr'>Quia</span> <span class='ocrx_word' id='word_1_447' title='bbox 1552 1130 1772 1164; x_wconf 86' lang='lat' dir='ltr'>abominatio</span> <span class='ocrx_word' id='word_1_448' title='bbox 1808 1137 1858 1163; x_wconf 88' lang='lat' dir='ltr'>est</span> <span class='ocrx_word' id='word_1_449' title='bbox 1892 1128 2049 1175; x_wconf 88' lang='lat' dir='ltr'>aliquid,</span> <span class='ocrx_word' id='word_1_450' title='bbox 2096 1127 2192 1173; x_wconf 88' lang='lat' dir='ltr'>quod</span> <span class='ocrx_word' id='word_1_451' title='bbox 2227 1124 2324 1160; x_wconf 84' lang='lat' dir='ltr'>Deus</span> 
     </span>
     <span class='ocr_line' id='line_1_75' title="bbox 1331 1173 2326 1225; baseline -0.004 -11"><span class='ocrx_word' id='word_1_452' title='bbox 1331 1182 1434 1216; x_wconf 87' lang='lat' dir='ltr'>valde</span> <span class='ocrx_word' id='word_1_453' title='bbox 1457 1183 1663 1215; x_wconf 81' lang='lat' dir='ltr'>detestatur.</span> <span class='ocrx_word' id='word_1_454' title='bbox 1716 1181 1774 1215; x_wconf 90' lang='lat' dir='ltr'>Sic</span> <span class='ocrx_word' id='word_1_455' title='bbox 1799 1181 1958 1225; x_wconf 85' lang='lat' dir='ltr'>loquitur</span> <span class='ocrx_word' id='word_1_456' title='bbox 1983 1181 2027 1213; x_wconf 90' lang='lat' dir='ltr'>de</span> <span class='ocrx_word' id='word_1_457' title='bbox 2050 1177 2227 1223; x_wconf 88' lang='lat' dir='ltr'>superbia.</span> <span class='ocrx_word' id='word_1_458' title='bbox 2277 1173 2326 1210; x_wconf 85' lang='lat' dir='ltr'>Et</span> 
     </span>
     <span class='ocr_line' id='line_1_76' title="bbox 1330 1230 2327 1277; baseline -0.006 -11"><span class='ocrx_word' id='word_1_459' title='bbox 1330 1234 1421 1267; x_wconf 87' lang='lat' dir='ltr'>iusta</span> <span class='ocrx_word' id='word_1_460' title='bbox 1439 1232 1651 1277; x_wconf 86' lang='lat' dir='ltr'>vituperatio</span> <span class='ocrx_word' id='word_1_461' title='bbox 1669 1238 1730 1270; x_wconf 89' lang='lat' dir='ltr'>est,</span> <span class='ocrx_word' id='word_1_462' title='bbox 1754 1231 1836 1276; x_wconf 87' lang='lat' dir='ltr'>quia</span> <span class='ocrx_word' id='word_1_463' title='bbox 1855 1230 1951 1265; x_wconf 92' lang='lat' dir='ltr'>Deus</span> <span class='ocrx_word' id='word_1_464' title='bbox 1966 1230 2041 1264; x_wconf 84' lang='lat' dir='ltr'>vult</span> <span class='ocrx_word' id='word_1_465' title='bbox 2057 1241 2122 1263; x_wconf 92' lang='lat' dir='ltr'>nos</span> <span class='ocrx_word' id='word_1_466' title='bbox 2140 1238 2327 1273; x_wconf 80' lang='lat' dir='ltr'>agnoscere</span> 
     </span>
     <span class='ocr_line' id='line_1_77' title="bbox 1332 1277 2328 1327; baseline -0.006 -10"><span class='ocrx_word' id='word_1_467' title='bbox 1332 1291 1451 1318; x_wconf 87' lang='lat' dir='ltr'>nostra</span> <span class='ocrx_word' id='word_1_468' title='bbox 1465 1290 1622 1327; x_wconf 88' lang='lat' dir='ltr'>peccata,</span> <span class='ocrx_word' id='word_1_469' title='bbox 1649 1290 1683 1317; x_wconf 90' lang='lat' dir='ltr'>et</span> <span class='ocrx_word' id='word_1_470' title='bbox 1696 1294 1793 1316; x_wconf 82' lang='lat' dir='ltr'>suam</span> <span class='ocrx_word' id='word_1_471' title='bbox 1812 1282 1899 1315; x_wconf 88' lang='lat' dir='ltr'>iram</span> <span class='ocrx_word' id='word_1_472' title='bbox 1920 1288 2043 1316; x_wconf 87' lang='lat' dir='ltr'>contra</span> <span class='ocrx_word' id='word_1_473' title='bbox 2060 1287 2207 1324; x_wconf 86' lang='lat' dir='ltr'>peccata.</span> <span class='ocrx_word' id='word_1_474' title='bbox 2249 1277 2328 1311; x_wconf 82' lang='lat' dir='ltr'>Hoc</span> 
     </span>
     <span class='ocr_line' id='line_1_78' title="bbox 1333 1329 2330 1379; baseline -0.005 -12"><span class='ocrx_word' id='word_1_475' title='bbox 1333 1335 1394 1379; x_wconf 91' lang='lat' dir='ltr'>qui</span> <span class='ocrx_word' id='word_1_476' title='bbox 1411 1335 1568 1374; x_wconf 86' lang='lat' dir='ltr'>faciunt,</span> <span class='ocrx_word' id='word_1_477' title='bbox 1592 1334 1736 1374; x_wconf 90' lang='lat' dir='ltr'>dolent,</span> <span class='ocrx_word' id='word_1_478' title='bbox 1763 1340 1798 1367; x_wconf 89' lang='lat' dir='ltr'>et</span> <span class='ocrx_word' id='word_1_479' title='bbox 1813 1339 2009 1376; x_wconf 84' lang='lat' dir='ltr'>agnoscunt</span> <span class='ocrx_word' id='word_1_480' title='bbox 2026 1343 2061 1365; x_wconf 91' lang='lat' dir='ltr'>se</span> <span class='ocrx_word' id='word_1_481' title='bbox 2081 1342 2152 1365; x_wconf 90' lang='lat' dir='ltr'>esse</span> <span class='ocrx_word' id='word_1_482' title='bbox 2169 1329 2330 1371; x_wconf 83' lang='lat' dir='ltr'>miseros,</span> 
     </span>
     <span class='ocr_line' id='line_1_79' title="bbox 1333 1385 1731 1428; baseline 0.003 -11"><span class='ocrx_word' id='word_1_483' title='bbox 1333 1392 1367 1418; x_wconf 92' lang='lat' dir='ltr'>et</span> <span class='ocrx_word' id='word_1_484' title='bbox 1385 1396 1457 1417; x_wconf 90' lang='lat' dir='ltr'>non</span> <span class='ocrx_word' id='word_1_485' title='bbox 1474 1391 1555 1417; x_wconf 91' lang='lat' dir='ltr'>sunt</span> <span class='ocrx_word' id='word_1_486' title='bbox 1576 1385 1731 1428; x_wconf 81' lang='lat' dir='ltr'>superbi.</span> 
     </span>
    </p>

    <p class='ocr_par' dir='ltr' id='par_1_21' title="bbox 1335 1431 2333 1680">
     <span class='ocr_line' id='line_1_80' title="bbox 1437 1431 2329 1478; baseline -0.004 -11"><span class='ocrx_word' id='word_1_487' title='bbox 1437 1433 1491 1467; x_wconf 91' lang='lat' dir='ltr'>llli</span> <span class='ocrx_word' id='word_1_488' title='bbox 1513 1446 1595 1466; x_wconf 80' lang='lat' dir='ltr'>vero</span> <span class='ocrx_word' id='word_1_489' title='bbox 1615 1442 1695 1468; x_wconf 90' lang='lat' dir='ltr'>sunt</span> <span class='ocrx_word' id='word_1_490' title='bbox 1714 1434 1881 1478; x_wconf 77' lang='lat' dir='ltr'>superbi,</span> <span class='ocrx_word' id='word_1_491' title='bbox 1909 1434 1968 1477; x_wconf 89' lang='lat' dir='ltr'>qui</span> <span class='ocrx_word' id='word_1_492' title='bbox 1987 1439 2068 1466; x_wconf 90' lang='lat' dir='ltr'>sunt</span> <span class='ocrx_word' id='word_1_493' title='bbox 2085 1431 2215 1471; x_wconf 82' lang='lat' dir='ltr'>securi,</span> <span class='ocrx_word' id='word_1_494' title='bbox 2242 1441 2329 1464; x_wconf 78' lang='lat' dir='ltr'>con-</span> 
     </span>
     <span class='ocr_line' id='line_1_81' title="bbox 1335 1481 2328 1526; baseline -0.006 -7"><span class='ocrx_word' id='word_1_495' title='bbox 1335 1492 1530 1519; x_wconf 79' lang='lat' dir='ltr'>temnentes</span> <span class='ocrx_word' id='word_1_496' title='bbox 1555 1485 1642 1517; x_wconf 80' lang='lat' dir='ltr'>iram</span> <span class='ocrx_word' id='word_1_497' title='bbox 1662 1485 1751 1525; x_wconf 86' lang='lat' dir='ltr'>Dei,</span> <span class='ocrx_word' id='word_1_498' title='bbox 1779 1484 1860 1517; x_wconf 80' lang='lat' dir='ltr'>elati</span> <span class='ocrx_word' id='word_1_499' title='bbox 1885 1491 2027 1526; x_wconf 88' lang='lat' dir='ltr'>propter</span> <span class='ocrx_word' id='word_1_500' title='bbox 2051 1483 2256 1526; x_wconf 82' lang='lat' dir='ltr'>opinionem</span> <span class='ocrx_word' id='word_1_501' title='bbox 2273 1481 2328 1514; x_wconf 88' lang='lat' dir='ltr'>iu·-</span> 
     </span>
     <span class='ocr_line' id='line_1_82' title="bbox 1337 1533 2330 1579; baseline -0.005 -11"><span class='ocrx_word' id='word_1_502' title='bbox 1337 1536 1451 1569; x_wconf 86' lang='lat' dir='ltr'>stitiae</span> <span class='ocrx_word' id='word_1_503' title='bbox 1478 1543 1511 1568; x_wconf 87' lang='lat' dir='ltr'>et</span> <span class='ocrx_word' id='word_1_504' title='bbox 1535 1536 1722 1579; x_wconf 80' lang='lat' dir='ltr'>sapientiae</span> <span class='ocrx_word' id='word_1_505' title='bbox 1758 1535 1800 1567; x_wconf 76' lang='lat' dir='ltr'>(le</span> <span class='ocrx_word' id='word_1_506' title='bbox 1831 1546 1877 1568; x_wconf 84' lang='lat' dir='ltr'>se.</span> <span class='ocrx_word' id='word_1_507' title='bbox 1951 1533 2002 1567; x_wconf 90' lang='lat' dir='ltr'>lta</span> <span class='ocrx_word' id='word_1_508' title='bbox 2038 1533 2149 1565; x_wconf 87' lang='lat' dir='ltr'>multa</span> <span class='ocrx_word' id='word_1_509' title='bbox 2190 1537 2330 1576; x_wconf 87' lang='lat' dir='ltr'>peccata</span> 
     </span>
     <span class='ocr_line' id='line_1_83' title="bbox 1336 1581 2333 1630; baseline -0.005 -10"><span class='ocrx_word' id='word_1_510' title='bbox 1336 1586 1582 1630; x_wconf 86' lang='lat' dir='ltr'>complectitur</span> <span class='ocrx_word' id='word_1_511' title='bbox 1600 1586 1777 1630; x_wconf 85' lang='lat' dir='ltr'>superbia,</span> <span class='ocrx_word' id='word_1_512' title='bbox 1806 1585 1885 1618; x_wconf 87' lang='lat' dir='ltr'>ideo</span> <span class='ocrx_word' id='word_1_513' title='bbox 1896 1582 1991 1618; x_wconf 91' lang='lat' dir='ltr'>Deus</span> <span class='ocrx_word' id='word_1_514' title='bbox 2006 1583 2194 1617; x_wconf 87' lang='lat' dir='ltr'>iustissime</span> <span class='ocrx_word' id='word_1_515' title='bbox 2211 1581 2333 1616; x_wconf 86' lang='lat' dir='ltr'>irasci-</span> 
     </span>
     <span class='ocr_line' id='line_1_84' title="bbox 1337 1637 1609 1680; baseline 0 -9"><span class='ocrx_word' id='word_1_516' title='bbox 1337 1644 1395 1671; x_wconf 90' lang='lat' dir='ltr'>tur</span> <span class='ocrx_word' id='word_1_517' title='bbox 1411 1637 1609 1680; x_wconf 87' lang='lat' dir='ltr'>superbiae.</span> 
     </span>
    </p>

    <p class='ocr_par' dir='ltr' id='par_1_22' title="bbox 1339 1684 2337 2237">
     <span class='ocr_line' id='line_1_85' title="bbox 1443 1684 2333 1731; baseline -0.006 -10"><span class='ocrx_word' id='word_1_518' title='bbox 1443 1686 1489 1721; x_wconf 87' lang='lat' dir='ltr'>Et</span> <span class='ocrx_word' id='word_1_519' title='bbox 1508 1694 1631 1721; x_wconf 86' lang='lat' dir='ltr'>contra</span> <span class='ocrx_word' id='word_1_520' title='bbox 1654 1686 1856 1731; x_wconf 90' lang='lat' dir='ltr'>superbiam</span> <span class='ocrx_word' id='word_1_521' title='bbox 1883 1697 2020 1730; x_wconf 86' lang='lat' dir='ltr'>semper</span> <span class='ocrx_word' id='word_1_522' title='bbox 2042 1684 2250 1718; x_wconf 90' lang='lat' dir='ltr'>deberemus</span> <span class='ocrx_word' id='word_1_523' title='bbox 2266 1694 2333 1716; x_wconf 92' lang='lat' dir='ltr'>no-</span> 
     </span>
     <span class='ocr_line' id='line_1_86' title="bbox 1339 1732 2331 1783; baseline -0.006 -11"><span class='ocrx_word' id='word_1_524' title='bbox 1339 1739 1394 1773; x_wconf 88' lang='lat' dir='ltr'>bis</span> <span class='ocrx_word' id='word_1_525' title='bbox 1421 1749 1622 1783; x_wconf 85' lang='lat' dir='ltr'>proponere</span> <span class='ocrx_word' id='word_1_526' title='bbox 1645 1737 1845 1782; x_wconf 84' lang='lat' dir='ltr'>exemplum</span> <span class='ocrx_word' id='word_1_527' title='bbox 1870 1735 2022 1777; x_wconf 82' lang='lat' dir='ltr'>Christi,</span> <span class='ocrx_word' id='word_1_528' title='bbox 2049 1736 2109 1781; x_wconf 86' lang='lat' dir='ltr'>qui</span> <span class='ocrx_word' id='word_1_529' title='bbox 2132 1735 2234 1768; x_wconf 87' lang='lat' dir='ltr'>dicit:</span> <span class='ocrx_word' id='word_1_530' title='bbox 2267 1732 2331 1766; x_wconf 83' lang='lat' dir='ltr'>Di-</span> 
     </span>
     <span class='ocr_line' id='line_1_87' title="bbox 1339 1783 2333 1834; baseline -0.007 -10"><span class='ocrx_word' id='word_1_531' title='bbox 1339 1790 1422 1824; x_wconf 88' lang='lat' dir='ltr'>scite</span> <span class='ocrx_word' id='word_1_532' title='bbox 1439 1801 1458 1822; x_wconf 89' lang='lat' dir='ltr'>a</span> <span class='ocrx_word' id='word_1_533' title='bbox 1475 1801 1548 1829; x_wconf 88' lang='lat' dir='ltr'>me,</span> <span class='ocrx_word' id='word_1_534' title='bbox 1576 1789 1658 1834; x_wconf 88' lang='lat' dir='ltr'>qnia</span> <span class='ocrx_word' id='word_1_535' title='bbox 1678 1789 1773 1823; x_wconf 90' lang='lat' dir='ltr'>mitis</span> <span class='ocrx_word' id='word_1_536' title='bbox 1789 1800 1865 1822; x_wconf 87' lang='lat' dir='ltr'>sum</span> <span class='ocrx_word' id='word_1_537' title='bbox 1878 1814 1890 1831; x_wconf 91' lang='lat'><strong>‚</strong></span> <span class='ocrx_word' id='word_1_538' title='bbox 1917 1795 1949 1822; x_wconf 89' lang='lat' dir='ltr'>et</span> <span class='ocrx_word' id='word_1_539' title='bbox 1967 1786 2113 1821; x_wconf 89' lang='lat' dir='ltr'>humilis</span> <span class='ocrx_word' id='word_1_540' title='bbox 2130 1785 2244 1820; x_wconf 90' lang='lat' dir='ltr'>corde.</span> <span class='ocrx_word' id='word_1_541' title='bbox 2287 1783 2333 1818; x_wconf 83' lang='lat' dir='ltr'>Et</span> 
     </span>
     <span class='ocr_line' id='line_1_88' title="bbox 1341 1837 2333 1885; baseline -0.004 -13"><span class='ocrx_word' id='word_1_542' title='bbox 1341 1842 1420 1874; x_wconf 85' lang='lat' dir='ltr'>vide</span> <span class='ocrx_word' id='word_1_543' title='bbox 1438 1847 1569 1885; x_wconf 84' lang='lat' dir='ltr'>quauta</span> <span class='ocrx_word' id='word_1_544' title='bbox 1593 1840 1638 1874; x_wconf 91' lang='lat' dir='ltr'>sit</span> <span class='ocrx_word' id='word_1_545' title='bbox 1654 1837 1851 1874; x_wconf 85' lang='lat' dir='ltr'>humilitas:</span> <span class='ocrx_word' id='word_1_546' title='bbox 1884 1838 1959 1883; x_wconf 87' lang='lat' dir='ltr'>lpse</span> <span class='ocrx_word' id='word_1_547' title='bbox 1977 1839 2064 1872; x_wconf 89' lang='lat' dir='ltr'>iacet</span> <span class='ocrx_word' id='word_1_548' title='bbox 2086 1849 2203 1871; x_wconf 86' lang='lat' dir='ltr'>coram</span> <span class='ocrx_word' id='word_1_549' title='bbox 2222 1841 2333 1869; x_wconf 88' lang='lat' dir='ltr'>aeter-</span> 
     </span>
     <span class='ocr_line' id='line_1_89' title="bbox 1342 1887 2335 1934; baseline -0.006 -9"><span class='ocrx_word' id='word_1_550' title='bbox 1342 1905 1387 1925; x_wconf 90' lang='lat' dir='ltr'>no</span> <span class='ocrx_word' id='word_1_551' title='bbox 1406 1890 1528 1931; x_wconf 86' lang='lat' dir='ltr'>Patre,</span> <span class='ocrx_word' id='word_1_552' title='bbox 1555 1897 1589 1924; x_wconf 88' lang='lat' dir='ltr'>et</span> <span class='ocrx_word' id='word_1_553' title='bbox 1610 1899 1661 1925; x_wconf 90' lang='lat' dir='ltr'>est</span> <span class='ocrx_word' id='word_1_554' title='bbox 1679 1902 1758 1925; x_wconf 89' lang='lat' dir='ltr'>reus</span> <span class='ocrx_word' id='word_1_555' title='bbox 1776 1890 1848 1924; x_wconf 88' lang='lat' dir='ltr'>irae</span> <span class='ocrx_word' id='word_1_556' title='bbox 1865 1888 1953 1929; x_wconf 80' lang='lat' dir='ltr'>Dei,</span> <span class='ocrx_word' id='word_1_557' title='bbox 1979 1888 2078 1934; x_wconf 85' lang='lat' dir='ltr'>quasi</span> <span class='ocrx_word' id='word_1_558' title='bbox 2097 1887 2277 1932; x_wconf 89' lang='lat' dir='ltr'>polluisset</span> <span class='ocrx_word' id='word_1_559' title='bbox 2299 1897 2335 1919; x_wconf 89' lang='lat' dir='ltr'>se</span> 
     </span>
     <span class='ocr_line' id='line_1_90' title="bbox 1342 1937 2335 1985; baseline -0.006 -9"><span class='ocrx_word' id='word_1_560' title='bbox 1342 1943 1411 1976; x_wconf 86' lang='lat' dir='ltr'>tuis</span> <span class='ocrx_word' id='word_1_561' title='bbox 1436 1949 1466 1974; x_wconf 87' lang='lat' dir='ltr'>et</span> <span class='ocrx_word' id='word_1_562' title='bbox 1492 1942 1579 1975; x_wconf 89' lang='lat' dir='ltr'>meis</span> <span class='ocrx_word' id='word_1_563' title='bbox 1602 1941 1770 1985; x_wconf 83' lang='lat' dir='ltr'>peccatis,</span> <span class='ocrx_word' id='word_1_564' title='bbox 1812 1948 1845 1974; x_wconf 89' lang='lat' dir='ltr'>et</span> <span class='ocrx_word' id='word_1_565' title='bbox 1869 1947 1964 1974; x_wconf 89' lang='lat' dir='ltr'>tuam</span> <span class='ocrx_word' id='word_1_566' title='bbox 1989 1947 2022 1974; x_wconf 87' lang='lat' dir='ltr'>et</span> <span class='ocrx_word' id='word_1_567' title='bbox 2051 1950 2162 1972; x_wconf 81' lang='lat' dir='ltr'>meam</span> <span class='ocrx_word' id='word_1_568' title='bbox 2182 1937 2335 1980; x_wconf 87' lang='lat' dir='ltr'>ignomi-</span> 
     </span>
     <span class='ocr_line' id='line_1_91' title="bbox 1343 1991 2334 2035; baseline -0.005 -9"><span class='ocrx_word' id='word_1_569' title='bbox 1343 1994 1436 2026; x_wconf 83' lang='lat' dir='ltr'>niam</span> <span class='ocrx_word' id='word_1_570' title='bbox 1456 1993 1490 2024; x_wconf 90' lang='lat' dir='ltr'>in</span> <span class='ocrx_word' id='word_1_571' title='bbox 1510 2005 1543 2025; x_wconf 78' lang='lat' dir='ltr'>se</span> <span class='ocrx_word' id='word_1_572' title='bbox 1561 1993 1736 2027; x_wconf 78' lang='lat' dir='ltr'>transfert.</span> <span class='ocrx_word' id='word_1_573' title='bbox 1789 1991 1831 2024; x_wconf 73' lang='lat' dir='ltr'>Ei</span> <span class='ocrx_word' id='word_1_574' title='bbox 1851 1998 1967 2035; x_wconf 78' lang='lat' dir='ltr'>postea</span> <span class='ocrx_word' id='word_1_575' title='bbox 1986 2002 2050 2035; x_wconf 90' lang='lat' dir='ltr'>pro</span> <span class='ocrx_word' id='word_1_576' title='bbox 2071 1996 2104 2023; x_wconf 90' lang='lat' dir='ltr'>te</span> <span class='ocrx_word' id='word_1_577' title='bbox 2122 1995 2155 2022; x_wconf 90' lang='lat' dir='ltr'>et</span> <span class='ocrx_word' id='word_1_578' title='bbox 2172 2000 2227 2022; x_wconf 90' lang='lat' dir='ltr'>me</span> <span class='ocrx_word' id='word_1_579' title='bbox 2245 2001 2334 2032; x_wconf 80' lang='lat' dir='ltr'>pen-</span> 
     </span>
     <span class='ocr_line' id='line_1_92' title="bbox 1343 2036 2336 2087; baseline -0.003 -11"><span class='ocrx_word' id='word_1_580' title='bbox 1343 2046 1399 2076; x_wconf 76' lang='lat' dir='ltr'>det</span> <span class='ocrx_word' id='word_1_581' title='bbox 1419 2044 1454 2075; x_wconf 86' lang='lat' dir='ltr'>iu</span> <span class='ocrx_word' id='word_1_582' title='bbox 1473 2054 1596 2086; x_wconf 85' lang='lat' dir='ltr'>cruce,</span> <span class='ocrx_word' id='word_1_583' title='bbox 1623 2050 1757 2087; x_wconf 78' lang='lat' dir='ltr'>spretus</span> <span class='ocrx_word' id='word_1_584' title='bbox 1784 2050 1815 2076; x_wconf 90' lang='lat' dir='ltr'>et</span> <span class='ocrx_word' id='word_1_585' title='bbox 1836 2042 1982 2076; x_wconf 89' lang='lat' dir='ltr'>derisus.</span> <span class='ocrx_word' id='word_1_586' title='bbox 2034 2040 2188 2074; x_wconf 83' lang='lat' dir='ltr'>Tantam</span> <span class='ocrx_word' id='word_1_587' title='bbox 2216 2036 2336 2073; x_wconf 86' lang='lat' dir='ltr'>lnuni-</span> 
     </span>
     <span class='ocr_line' id='line_1_93' title="bbox 1345 2091 2335 2136; baseline -0.006 -8"><span class='ocrx_word' id='word_1_588' title='bbox 1345 2095 1475 2128; x_wconf 78' lang='lat' dir='ltr'>litateiu</span> <span class='ocrx_word' id='word_1_589' title='bbox 1495 2106 1572 2126; x_wconf 73' lang='lat' dir='ltr'>cuin</span> <span class='ocrx_word' id='word_1_590' title='bbox 1591 2093 1772 2132; x_wconf 69' lang='lat' dir='ltr'>ridemus,</span> <span class='ocrx_word' id='word_1_591' title='bbox 1800 2095 1930 2135; x_wconf 83' lang='lat' dir='ltr'>pudere</span> <span class='ocrx_word' id='word_1_592' title='bbox 1956 2104 2020 2125; x_wconf 81' lang='lat' dir='ltr'>nos</span> <span class='ocrx_word' id='word_1_593' title='bbox 2036 2091 2213 2135; x_wconf 78' lang='lat' dir='ltr'>oportuit.</span> <span class='ocrx_word' id='word_1_594' title='bbox 2240 2091 2335 2136; x_wconf 83' lang='lat' dir='ltr'>quod</span> 
     </span>
     <span class='ocr_line' id='line_1_94' title="bbox 1344 2141 2337 2188; baseline -0.005 -9"><span class='ocrx_word' id='word_1_595' title='bbox 1344 2157 1444 2188; x_wconf 85' lang='lat' dir='ltr'>saepe</span> <span class='ocrx_word' id='word_1_596' title='bbox 1475 2151 1618 2188; x_wconf 86' lang='lat' dir='ltr'>propter</span> <span class='ocrx_word' id='word_1_597' title='bbox 1654 2156 1764 2177; x_wconf 89' lang='lat' dir='ltr'>unum</span> <span class='ocrx_word' id='word_1_598' title='bbox 1793 2144 1868 2177; x_wconf 76' lang='lat' dir='ltr'>lere</span> <span class='ocrx_word' id='word_1_599' title='bbox 1903 2143 2125 2183; x_wconf 61' lang='lat' dir='ltr'>convicium,</span> <span class='ocrx_word' id='word_1_600' title='bbox 2171 2141 2337 2175; x_wconf 79' lang='lat' dir='ltr'>volumus</span> 
     </span>
     <span class='ocr_line' id='line_1_95' title="bbox 1345 2195 1851 2237; baseline -0.004 -8"><span class='ocrx_word' id='word_1_601' title='bbox 1345 2209 1419 2229; x_wconf 66' lang='lat' dir='ltr'>mox</span> <span class='ocrx_word' id='word_1_602' title='bbox 1429 2208 1485 2227; x_wconf 80' lang='lat' dir='ltr'>ere</span> <span class='ocrx_word' id='word_1_603' title='bbox 1504 2208 1650 2237; x_wconf 71' lang='lat' dir='ltr'>magnos</span> <span class='ocrx_word' id='word_1_604' title='bbox 1669 2195 1851 2229; x_wconf 85' lang='lat' dir='ltr'>tumultus.</span> 
     </span>
    </p>

    <p class='ocr_par' dir='ltr' id='par_1_23' title="bbox 1347 2244 2341 2696">
     <span class='ocr_line' id='line_1_96' title="bbox 1451 2244 2337 2288; baseline -0.007 -9"><span class='ocrx_word' id='word_1_605' title='bbox 1451 2245 1534 2280; x_wconf 81' lang='lat' dir='ltr'>ltein</span> <span class='ocrx_word' id='word_1_606' title='bbox 1553 2247 1632 2279; x_wconf 79' lang='lat' dir='ltr'>vide</span> <span class='ocrx_word' id='word_1_607' title='bbox 1656 2254 1763 2280; x_wconf 69' lang='lat' dir='ltr'>totam</span> <span class='ocrx_word' id='word_1_608' title='bbox 1789 2245 1994 2288; x_wconf 77' lang='lat' dir='ltr'>angelorum</span> <span class='ocrx_word' id='word_1_609' title='bbox 2017 2250 2218 2278; x_wconf 80' lang='lat' dir='ltr'>sanctorum</span> <span class='ocrx_word' id='word_1_610' title='bbox 2234 2244 2337 2274; x_wconf 50' lang='lat' dir='ltr'>roca-</span> 
     </span>
     <span class='ocr_line' id='line_1_97' title="bbox 1347 2293 2338 2336; baseline -0.007 -5"><span class='ocrx_word' id='word_1_611' title='bbox 1347 2298 1490 2332; x_wconf 75' lang='lat' dir='ltr'>tionem.</span> <span class='ocrx_word' id='word_1_612' title='bbox 1553 2296 1690 2330; x_wconf 82' lang='lat' dir='ltr'>llorum</span> <span class='ocrx_word' id='word_1_613' title='bbox 1724 2296 1878 2329; x_wconf 83' lang='lat' dir='ltr'>officium</span> <span class='ocrx_word' id='word_1_614' title='bbox 1910 2303 1978 2336; x_wconf 82' lang='lat' dir='ltr'>est,</span> <span class='ocrx_word' id='word_1_615' title='bbox 2019 2302 2058 2328; x_wconf 90' lang='lat' dir='ltr'>ut</span> <span class='ocrx_word' id='word_1_616' title='bbox 2086 2294 2156 2327; x_wconf 81' lang='lat' dir='ltr'>sint</span> <span class='ocrx_word' id='word_1_617' title='bbox 2178 2293 2338 2327; x_wconf 79' lang='lat' dir='ltr'>custodes</span> 
     </span>
     <span class='ocr_line' id='line_1_98' title="bbox 1348 2341 2338 2391; baseline -0.005 -10"><span class='ocrx_word' id='word_1_618' title='bbox 1348 2360 1534 2391; x_wconf 82' lang='lat' dir='ltr'>corporum</span> <span class='ocrx_word' id='word_1_619' title='bbox 1551 2355 1583 2381; x_wconf 89' lang='lat' dir='ltr'>ct</span> <span class='ocrx_word' id='word_1_620' title='bbox 1602 2360 1717 2381; x_wconf 76' lang='lat' dir='ltr'>reruni</span> <span class='ocrx_word' id='word_1_621' title='bbox 1735 2354 1951 2380; x_wconf 80' lang='lat' dir='ltr'>nostrarum:</span> <span class='ocrx_word' id='word_1_622' title='bbox 1983 2345 2046 2389; x_wconf 82' lang='lat' dir='ltr'>ipsi</span> <span class='ocrx_word' id='word_1_623' title='bbox 2059 2344 2241 2389; x_wconf 83' lang='lat' dir='ltr'>depellunt</span> <span class='ocrx_word' id='word_1_624' title='bbox 2251 2341 2338 2377; x_wconf 72' lang='lat' dir='ltr'>Dia-</span> 
     </span>
     <span class='ocr_line' id='line_1_99' title="bbox 1349 2395 2336 2442; baseline -0.003 -10"><span class='ocrx_word' id='word_1_625' title='bbox 1349 2400 1448 2432; x_wconf 72' lang='lat' dir='ltr'>bolus</span> <span class='ocrx_word' id='word_1_626' title='bbox 1473 2412 1491 2432; x_wconf 81' lang='lat' dir='ltr'>a</span> <span class='ocrx_word' id='word_1_627' title='bbox 1516 2406 1574 2432; x_wconf 82' lang='lat' dir='ltr'>tua</span> <span class='ocrx_word' id='word_1_628' title='bbox 1596 2401 1725 2439; x_wconf 84' lang='lat' dir='ltr'>domo,</span> <span class='ocrx_word' id='word_1_629' title='bbox 1762 2410 1780 2431; x_wconf 92' lang='lat' dir='ltr'>a</span> <span class='ocrx_word' id='word_1_630' title='bbox 1804 2397 1872 2431; x_wconf 86' lang='lat' dir='ltr'>tuis</span> <span class='ocrx_word' id='word_1_631' title='bbox 1897 2398 2032 2442; x_wconf 71' lang='lat' dir='ltr'>pueris,</span> <span class='ocrx_word' id='word_1_632' title='bbox 2059 2408 2078 2429; x_wconf 77' lang='lat' dir='ltr'>a</span> <span class='ocrx_word' id='word_1_633' title='bbox 2101 2403 2161 2430; x_wconf 83' lang='lat' dir='ltr'>tua</span> <span class='ocrx_word' id='word_1_634' title='bbox 2184 2395 2336 2429; x_wconf 73' lang='lat' dir='ltr'>fornace.</span> 
     </span>
     <span class='ocr_line' id='line_1_100' title="bbox 1349 2444 2337 2490; baseline -0.006 -7"><span class='ocrx_word' id='word_1_635' title='bbox 1349 2451 1480 2483; x_wconf 63' lang='lat' dir='ltr'>Sedu-nt</span> <span class='ocrx_word' id='word_1_636' title='bbox 1512 2450 1561 2483; x_wconf 75' lang='lat' dir='ltr'>ibi</span> <span class='ocrx_word' id='word_1_637' title='bbox 1590 2449 1699 2483; x_wconf 79' lang='lat' dir='ltr'>sancti</span> <span class='ocrx_word' id='word_1_638' title='bbox 1732 2448 1845 2490; x_wconf 70' lang='lat' dir='ltr'>angeli</span> <span class='ocrx_word' id='word_1_639' title='bbox 1876 2447 1980 2481; x_wconf 83' lang='lat' dir='ltr'>simul</span> <span class='ocrx_word' id='word_1_640' title='bbox 2013 2447 2191 2481; x_wconf 79' lang='lat' dir='ltr'>intuentes</span> <span class='ocrx_word' id='word_1_641' title='bbox 2214 2444 2337 2479; x_wconf 78' lang='lat' dir='ltr'>faciem</span> 
     </span>
     <span class='ocr_line' id='line_1_101' title="bbox 1350 2495 2338 2540; baseline -0.007 -6"><span class='ocrx_word' id='word_1_642' title='bbox 1350 2502 1437 2540; x_wconf 69' lang='lat' dir='ltr'>Dei.</span> <span class='ocrx_word' id='word_1_643' title='bbox 1465 2509 1497 2534; x_wconf 83' lang='lat' dir='ltr'>et</span> <span class='ocrx_word' id='word_1_644' title='bbox 1516 2502 1749 2534; x_wconf 78' lang='lat' dir='ltr'>custodientes</span> <span class='ocrx_word' id='word_1_645' title='bbox 1774 2507 1869 2533; x_wconf 84' lang='lat' dir='ltr'>tuam</span> <span class='ocrx_word' id='word_1_646' title='bbox 1897 2500 2095 2538; x_wconf 76' lang='lat' dir='ltr'>fornacem,</span> <span class='ocrx_word' id='word_1_647' title='bbox 2127 2504 2221 2531; x_wconf 75' lang='lat' dir='ltr'>tuam</span> <span class='ocrx_word' id='word_1_648' title='bbox 2249 2495 2338 2528; x_wconf 84' lang='lat' dir='ltr'>culi·-</span> 
     </span>
     <span class='ocr_line' id='line_1_102' title="bbox 1351 2546 2340 2592; baseline -0.006 -8"><span class='ocrx_word' id='word_1_649' title='bbox 1351 2565 1448 2590; x_wconf 76' lang='lat' dir='ltr'>umn,</span> <span class='ocrx_word' id='word_1_650' title='bbox 1483 2559 1583 2585; x_wconf 84' lang='lat' dir='ltr'>tuum</span> <span class='ocrx_word' id='word_1_651' title='bbox 1610 2552 1748 2585; x_wconf 78' lang='lat' dir='ltr'>lectum.</span> <span class='ocrx_word' id='word_1_652' title='bbox 1802 2548 1896 2583; x_wconf 85' lang='lat' dir='ltr'>llaec</span> <span class='ocrx_word' id='word_1_653' title='bbox 1921 2557 1970 2582; x_wconf 77' lang='lat' dir='ltr'>est</span> <span class='ocrx_word' id='word_1_654' title='bbox 1999 2559 2124 2592; x_wconf 69' lang='lat' dir='ltr'>magna</span> <span class='ocrx_word' id='word_1_655' title='bbox 2148 2546 2340 2585; x_wconf 70' lang='lat' dir='ltr'>humilitas,</span> 
     </span>
     <span class='ocr_line' id='line_1_103' title="bbox 1350 2594 2340 2645; baseline -0.006 -10"><span class='ocrx_word' id='word_1_656' title='bbox 1350 2610 1380 2635; x_wconf 78' lang='lat' dir='ltr'>et</span> <span class='ocrx_word' id='word_1_657' title='bbox 1402 2615 1548 2645; x_wconf 67' lang='lat' dir='ltr'>magnus</span> <span class='ocrx_word' id='word_1_658' title='bbox 1567 2614 1664 2635; x_wconf 78' lang='lat' dir='ltr'>:uuor</span> <span class='ocrx_word' id='word_1_659' title='bbox 1686 2613 1765 2643; x_wconf 76' lang='lat' dir='ltr'>erga</span> <span class='ocrx_word' id='word_1_660' title='bbox 1792 2612 1856 2633; x_wconf 79' lang='lat' dir='ltr'>uos</span> <span class='ocrx_word' id='word_1_661' title='bbox 1881 2601 2026 2634; x_wconf 77' lang='lat' dir='ltr'>miseros</span> <span class='ocrx_word' id='word_1_662' title='bbox 2043 2606 2076 2633; x_wconf 86' lang='lat' dir='ltr'>et</span> <span class='ocrx_word' id='word_1_663' title='bbox 2095 2597 2257 2632; x_wconf 74' lang='lat' dir='ltr'>sordidos</span> <span class='ocrx_word' id='word_1_664' title='bbox 2274 2594 2340 2630; x_wconf 87' lang='lat' dir='ltr'>ho-</span> 
     </span>
     <span class='ocr_line' id='line_1_104' title="bbox 1352 2647 2341 2696; baseline -0.004 -11"><span class='ocrx_word' id='word_1_665' title='bbox 1352 2654 1476 2687; x_wconf 75' lang='lat' dir='ltr'>nniucs.</span> <span class='ocrx_word' id='word_1_666' title='bbox 1532 2653 1666 2686; x_wconf 72' lang='lat' dir='ltr'>Pudeat</span> <span class='ocrx_word' id='word_1_667' title='bbox 1694 2652 1800 2695; x_wconf 75' lang='lat' dir='ltr'>igitur</span> <span class='ocrx_word' id='word_1_668' title='bbox 1817 2663 1900 2693; x_wconf 75' lang='lat' dir='ltr'>nos,</span> <span class='ocrx_word' id='word_1_669' title='bbox 1927 2651 2020 2696; x_wconf 86' lang='lat' dir='ltr'>quod</span> <span class='ocrx_word' id='word_1_670' title='bbox 2043 2661 2163 2684; x_wconf 77' lang='lat' dir='ltr'>sumus</span> <span class='ocrx_word' id='word_1_671' title='bbox 2185 2647 2341 2693; x_wconf 73' lang='lat' dir='ltr'>superbi,</span> 
     </span>
    </p>
   </div>
   <div class='ocr_carea' id='block_1_11' title="bbox 2324 0 2409 2915">
    <p class='ocr_par' dir='ltr' id='par_1_24' title="bbox 2324 0 2409 2915">
     <span class='ocr_line' id='line_1_105' title="bbox 2324 0 2409 2915; baseline 0 0"><span class='ocrx_word' id='word_1_672' title='bbox 2324 0 2409 2915; x_wconf 95' lang='lat' dir='ltr'> </span> 
     </span>
    </p>
   </div>
  </div>
 </body>
</html>
