2409 2915
244 97 314 132 711

244 182 331 216 suri.
385 180 460 213 Hoc
485 177 610 213 ordine
635 177 816 211 iudicandi
841 184 996 220 servato,
1023 178 1176 221 scilicet,
1203 178 1232 212 si

245 233 344 278 prius
361 237 390 264 te
408 231 520 274 ipsum
538 229 692 262 excutias
711 234 744 262 et
762 229 941 273 explores,
968 241 1152 278 nunquam
1171 231 1234 264 de-

247 283 330 321 erit,
356 292 375 314 a
393 293 463 324 quo
479 279 591 323 possis
608 277 775 313 inchoare
791 280 1079 314 reformationem
1097 288 1129 315 et
1149 293 1233 325 poe-

247 343 341 364 nam.
404 330 445 364 ln
487 328 551 364 hac
589 330 699 373 igitur
730 331 920 364 domestica
949 343 1094 365 censura
1122 332 1234 365 discas

246 393 433 425 agnoscere
460 381 546 414 iram
562 379 630 415 Dei
654 381 690 413 in
715 381 805 415 veris
831 383 1022 425 pavoribus
1043 389 1148 427 atque
1166 383 1232 416 do-

247 432 398 472 loribus,
425 438 456 465 et
479 443 558 465 vera
581 429 781 466 humilitate
797 432 913 466 cordis
930 445 1076 478 quaeras
1091 440 1124 467 et
1140 440 1234 478 petas

247 482 487 516 remissionem
512 489 727 523 erratorum,
753 489 858 528 atque
881 490 1102 527 peccatorum
1125 496 1186 528 per
1202 491 1234 517 et

247 540 390 577 propter
420 531 617 574 Christum,
654 545 693 566 ac
722 533 885 578 deinceps
915 546 1030 568 mores
1062 541 1095 568 et
1127 535 1233 568 vitam

246 586 429 622 emendes,
456 584 612 617 retinens
635 584 738 616 fidem
764 590 797 617 et
822 584 952 618 bonam
971 585 1234 620 conscientiam.

249 634 342 668 llaec
368 635 563 668 admonitio
588 635 738 668 traditur
762 634 800 667 in
823 635 934 680 priori
957 637 1116 670 membro
1134 648 1234 681 prae-

247 685 361 718 clarae
394 684 490 718 illius
516 685 708 719 sententiae
731 685 951 720 Salomonis:
989 685 1105 721 Iustus
1130 687 1234 721 initio

248 742 428 770 accusator
450 742 501 769 est
526 736 591 772 sui.
651 734 732 769 Huc
757 736 844 771 solet
867 738 1125 771 accommodari
1148 750 1235 781 apo-

249 787 347 829 logus
370 784 564 830 Aesopicus
595 787 639 820 de
663 787 800 821 duabus
825 788 1006 829 manticis,
1039 789 1083 821 de
1105 788 1234 834 quibus

246 835 407 871 Catullus
433 837 564 882 inquit:
592 836 661 871 Sed
683 850 756 870 non
774 838 934 871 videmus
953 839 1124 873 manticae
1140 839 1233 884 quod

248 887 283 920 in
308 894 405 931 tergo
428 894 490 921 est.
551 887 748 922 Finxerunt
773 888 867 921 enim
892 888 1050 932 singulos
1073 887 1235 923 homines

246 938 349 972 binas
377 936 506 972 hahere
535 939 704 972 manticas
735 950 796 972 seu
826 951 942 982 peras,
975 939 1120 973 alteram
1153 947 1234 974 ante

247 995 379 1031 pectus,
406 989 551 1022 alteram
569 1000 587 1022 a
605 989 755 1032 scapulis
768 996 934 1034 tergoque
946 991 1235 1034 propendentem.

246 1038 287 1073 ln
313 1039 506 1083 posteriore
530 1051 619 1084 quae
642 1039 679 1072 in
703 1046 798 1083 tergo
823 1041 971 1084 pendet,
1005 1048 1125 1075 nostra
1150 1041 1233 1075 vitia

247 1089 417 1133 gerimus,
445 1090 482 1123 in
501 1090 630 1135 quibus
646 1091 878 1124 coecutimus:
906 1091 944 1124 in
962 1092 1115 1135 priorem
1131 1104 1234 1126 man-

247 1141 351 1174 ticam
371 1141 487 1174 aliena
506 1140 591 1175 vitia
611 1141 855 1180 immittimus,
889 1142 927 1175 in
951 1143 1080 1188 quibus
1102 1142 1234 1189 Lyncei

246 1203 307 1224 seu
331 1191 561 1225 oculatissimi
585 1203 725 1231 sumus,
759 1193 847 1226 adeo
869 1199 908 1226 ut
931 1205 997 1227 nec
1021 1195 1148 1228 modus
1170 1206 1234 1228 nec

245 1242 325 1275 finis
343 1242 387 1275 sit
403 1241 694 1276 reformationum
709 1249 743 1276 et
763 1254 1000 1278 censurarum.

347 1292 422 1327 Hac
449 1293 619 1336 imagine,
647 1305 686 1327 ac
707 1293 827 1328 multis
846 1294 1021 1328 similibus
1037 1295 1235 1329 illustribus

247 1343 392 1388 picturis
416 1350 549 1378 veteres
572 1344 690 1378 conati
713 1351 795 1378 sunt
821 1345 1036 1388 exprimere,
1063 1357 1102 1378 ac
1124 1345 1235 1379 oculis

245 1395 509 1439 quodammodo
537 1394 709 1428 subiicere
733 1395 934 1439 turpissima
961 1396 1064 1436 vitia,
1092 1393 1235 1439 philau-

246 1445 318 1478 tian
331 1471 339 1486 ,
366 1444 646 1478 maledicentiam
669 1452 702 1478 et
719 1445 980 1489 perversitatem
996 1446 1235 1480 calumnioso-

246 1507 324 1529 rum
350 1495 572 1530 iudiciorum.
627 1495 696 1529 Sed
722 1495 821 1529 vobis
839 1507 975 1539 semper
990 1497 1026 1529 in
1046 1504 1234 1541 conspectu

245 1546 288 1579 sit
318 1546 451 1579 dictum
472 1545 689 1586 Salomonis,
725 1553 758 1580 et
786 1547 983 1590 exemplum
1013 1547 1233 1591 propositum

245 1597 281 1629 in
306 1593 371 1629 hac
395 1595 579 1640 parabola,
606 1603 645 1630 ut
669 1596 869 1630 afficiantur
890 1597 1000 1630 animi
1022 1598 1146 1636 vestri,
1175 1610 1233 1631 co-

245 1647 394 1690 gitantes
427 1643 490 1680 has
520 1646 712 1680 sententias
735 1653 768 1680 et
794 1647 964 1691 picturas:
999 1655 1110 1693 utque
1136 1648 1233 1690 vitia,

244 1709 333 1742 quae
351 1697 385 1730 in
401 1694 467 1731 hoc
482 1703 578 1731 textu
594 1698 849 1741 vituperantur,
867 1699 1060 1741 agnoscatis
1071 1705 1102 1732 et
1113 1711 1232 1732 emen-

243 1749 350 1789 detis,
378 1760 440 1782 nec
461 1748 559 1782 frena
585 1749 707 1782 laxetis
725 1760 762 1782 ac
780 1749 1010 1792 indulgeatis,
1038 1750 1232 1784 curiositati

245 1806 348 1844 atque
373 1799 588 1844 petulantiae
611 1806 740 1833 temere
759 1800 930 1834 indicanti
949 1801 992 1833 (le
1009 1801 1106 1842 aliis,
1132 1802 1233 1835 facile

244 1858 277 1884 et
302 1850 453 1884 libenter
476 1850 709 1890 convicianti,
737 1851 957 1895 aliorumque
982 1858 1074 1885 recte
1093 1852 1179 1885 facta
1200 1860 1230 1886 et

244 1901 407 1944 ambigua
432 1901 622 1945 suspiciose
645 1907 748 1945 atque
771 1901 987 1934 calumniose
1004 1903 1232 1945 depravandi,

244 1952 302 1984 sed
325 1951 555 1985 memineritis
573 1951 673 1983 vobis
690 1951 827 1993 linguas
844 1958 877 1985 et
895 1959 1027 1985 mentes
1045 1954 1232 1986 frenandas

245 2013 336 2041 esse,
371 2008 403 2035 et
432 2001 600 2043 singulari
630 2001 812 2043 diligentia
838 2002 998 2036 vitandas
1024 2000 1085 2036 has
1111 2011 1232 2048 pesteS,

244 2054 286 2086 de
304 2052 432 2098 quibus
448 2064 542 2085 nunc
563 2052 758 2087 audixistis.

347 2102 466 2137 Altera
500 2103 670 2146 particula
703 2103 786 2137 dicti
813 2104 1014 2138 Salomonis
1046 2111 1110 2138 est:
1149 2104 1232 2139 Post

245 2154 497 2198 inspectionem
520 2165 581 2186 sen
605 2154 860 2187 accusationem
884 2155 936 2189 sui
956 2156 1065 2189 iustus
1082 2155 1232 2201 inquirit

247 2206 281 2237 in
314 2205 434 2238 alium.
495 2203 684 2249 Postquam
716 2212 747 2238 te
773 2205 943 2249 punivisti
966 2219 1003 2239 ac
1029 2207 1232 2248 emendasti,

244 2264 318 2290 tum
338 2256 489 2299 primum
507 2256 686 2289 considera
698 2280 706 2294 ,
735 2257 878 2301 quando
894 2263 925 2290 et
941 2270 1010 2302 qno
1028 2258 1153 2291 ordine
1170 2259 1231 2292 de-

244 2307 325 2339 beas
348 2307 391 2339 de
417 2306 494 2339 aliis
520 2306 693 2349 iudicare,
721 2314 803 2340 tnnc
831 2307 933 2341 ctiam
960 2321 1023 2351 pro
1049 2309 1231 2343 vocatione

243 2358 342 2391 alteri
372 2358 509 2390 coneris
532 2357 682 2390 eximere
708 2358 895 2399 festucam,
923 2365 954 2392 et
978 2359 1128 2392 aliorum
1151 2361 1228 2393 vul-

244 2408 386 2441 neribus
405 2408 555 2445 mederi,
583 2409 639 2440 sed
659 2410 784 2441 ordine
800 2416 954 2449 servato,
979 2409 1038 2455 qui
1060 2410 1093 2442 in
1112 2410 1228 2444 livan-

243 2459 333 2501 gelio
351 2459 583 2502 praescriptus
601 2468 646 2491 est
662 2487 669 2496 ,
697 2460 826 2493 scilicet
839 2486 846 2496 ,
876 2468 912 2494 ut
928 2467 1086 2493 amanter
1105 2468 1137 2495 et
1154 2463 1227 2505 pla-

243 2511 338 2547 cide,
367 2523 437 2543 non
464 2510 699 2543 amarulenter
722 2519 779 2544 ant
809 2512 1002 2546 virulenter
1021 2512 1153 2555 lapsum
1174 2514 1226 2546 vel

242 2568 415 2593 errantem
439 2562 644 2600 admoneas,
673 2562 705 2593 in
731 2563 821 2594 iiam
841 2575 996 2602 revoces,
1023 2575 1061 2596 ac
1078 2564 1227 2602 erudias,

245 2624 313 2643 non
345 2612 377 2643 in
407 2612 575 2656 cauponis
598 2624 653 2645 sen
676 2613 849 2655 tabernis,
878 2627 948 2647 non
969 2614 1003 2647 in
1020 2615 1226 2647 centa-tricis

838 92 964 129 PHIL.
990 91 1107 131 MEL.
1132 88 1341 129 SCRIPTA
1369 90 1668 128 EXEGETICA.

2195 97 2272 131 712

1283 177 1338 210 vel
1355 179 1480 213 morbo
1498 178 1608 212 animi
1626 189 1759 212 morem
1778 188 1894 222 geras,
1919 185 1953 212 et
1967 176 2033 212 hac
2049 179 2270 225 voluptatula

1283 234 1449 273 tanquam
1473 229 1649 273 titilleris,
1677 229 1732 263 vel
1755 229 2011 263 obtrectatione
2026 229 2177 264 aliorum
2193 238 2272 266 tuas

1283 280 1403 312 sordes
1423 286 1456 313 et
1471 281 1625 314 maculas
1640 281 1757 314 eluere
1774 280 1846 313 sive
1863 280 2059 324 detergere,
2087 292 2126 314 ac
2141 291 2272 316 naevos

1284 336 1387 374 atque
1410 330 1504 363 labes
1528 336 1660 374 tegere,
1686 330 1982 365 existimationem
2003 331 2156 377 denique
2171 331 2273 366 colli-

1284 391 1364 423 gere
1383 386 1416 413 et
1433 391 1559 424 augere
1577 382 1726 416 studeas.
1779 380 1874 415 Haec
1892 381 2035 415 effrenis
2051 393 2090 415 ac
2107 382 2273 426 petulan-

1285 431 1330 465 tis
1352 431 1492 474 linguae
1514 431 1598 465 vitia
1613 430 1708 466 Deus
1729 443 1951 478 nequaquam
1973 432 2087 466 inulta
2106 439 2138 466 et
2156 432 2273 478 impu-

1286 481 1360 516 nita
1398 481 1565 522 dimittit,
1605 482 1695 516 sicut
1723 494 1836 527 poena
1865 483 2027 516 maledici
2059 482 2174 517 Semei
2187 509 2196 524 ,
2240 491 2274 518 et

1286 544 1398 577 poena
1422 532 1688 567 calumniatoris
1702 533 1819 567 Aman
1837 533 1874 566 in
1891 531 2038 568 historia
2055 531 2184 567 Esther
2199 535 2273 567 evi-

1287 583 1492 618 dentissime
1513 590 1694 619 testantur.
1748 581 1801 617 Ac
1821 585 1993 619 sententia
2020 585 2146 618 veteris
2167 584 2274 618 Mimi

1287 635 1539 678 comprobatur
1563 634 1776 679 experientia
1801 635 2022 680 quotidiana:
2050 634 2108 669 Ab
2125 635 2197 669 alio
2215 647 2274 669 ex-

1287 691 1419 729 spectes
1444 685 1544 720 alteri
1568 687 1663 731 quod
1688 685 1822 719 feceris.
1874 684 1988 720 Crede
2012 683 2102 719 mihi
2120 698 2194 720 non
2211 687 2273 720 de-

1288 743 1391 770 erunt
1416 736 1478 781 qui
1501 735 1654 770 vicissim
1678 736 1784 769 vitam
1810 743 1907 770 tuam
1931 737 2138 781 depingere,
2170 744 2274 782 teque

1287 786 1378 819 vivis
1401 787 1579 821 coloribus
1603 787 1797 831 exprimere
1820 799 1859 820 ac
1876 787 2078 821 illuminare
2096 793 2274 832 poterunt,

1287 844 1325 871 ut
1345 837 1550 881 improbitas
1566 845 1599 872 et
1617 838 1801 882 turpitudo
1818 844 1876 872 tua
1894 838 1989 873 velut
2005 838 2042 871 in
2060 838 2172 871 lucem
2192 850 2275 882 pro-

1287 888 1395 926 latae,
1423 895 1457 922 et
1481 889 1640 922 omnium
1661 889 1772 923 oculis
1792 888 1986 932 expositae,
2013 889 2164 933 publicis
2179 900 2274 923 exse-

1288 939 1505 973 crationibus
1521 939 1765 983 vituperentur
1779 951 1817 972 ac
1832 947 2084 984 conspuantur.

1390 1014 1485 1049 Haec
1509 1015 1626 1048 brevis
1650 1014 1846 1049 admonitio
1867 1015 2016 1050 sufficiat
2038 1013 2106 1050 hoc
2129 1015 2207 1050 loco
2230 1017 2275 1050 de

1288 1067 1492 1110 vulgaribus
1517 1065 1588 1099 illis
1605 1072 1640 1099 et
1659 1066 1907 1099 communibus
1923 1066 2037 1107 vitiis,
2060 1066 2275 1101 maledicen-

1287 1117 1375 1156 tiae,
1401 1116 1696 1151 obtrectationum
1713 1123 1746 1150 et
1762 1116 2037 1150 calumniarum:
2064 1117 2193 1163 quibus
2210 1129 2275 1162 op-

1287 1169 1408 1213 ponite
1440 1167 1688 1211 cogitationem
1707 1165 1876 1201 horrendi
1901 1167 2023 1201 iudicii
2047 1173 2080 1201 et
2103 1167 2175 1202 irae
2197 1166 2276 1210 Dei,

1287 1226 1324 1253 ut
1348 1219 1490 1253 discatis
1515 1225 1650 1252 mentes
1675 1218 1769 1252 velut
1792 1217 1931 1252 iniectis
1946 1218 2055 1251 frenis
2071 1229 2209 1262 regere,
2235 1229 2275 1253 ac

1286 1269 1378 1303 veris
1415 1269 1605 1313 gemitibus
1639 1268 1830 1313 deploretis
1863 1266 2072 1303 horribilem
2106 1269 2204 1303 illam
2235 1269 2274 1303 in

1286 1320 1445 1353 omnium
1469 1317 1658 1353 hominum
1682 1319 1884 1364 pectoribus
1906 1319 2092 1363 caliginem
2108 1331 2147 1354 ac
2162 1319 2276 1355 coeci-

1285 1377 1408 1410 tatem,
1434 1371 1529 1415 quod
1545 1377 1681 1403 nostras
1696 1370 1836 1411 sordes,
1861 1377 1980 1404 nostra
1995 1370 2098 1411 vitia,
2125 1377 2185 1405 aut
2200 1383 2274 1404 non

1286 1420 1463 1459 videmus,
1490 1426 1549 1454 aut
1572 1420 1663 1453 levia
1685 1420 1867 1461 ducimus,
1894 1421 1953 1453 sed
1970 1418 2193 1455 Christianos
2210 1433 2273 1455 ne-

1285 1483 1377 1505 cesse
1394 1478 1442 1505 est
1460 1470 1743 1504 emendationem
1760 1468 1947 1511 inchoare,
1971 1477 2011 1505 ut
2028 1471 2148 1516 aliquo
2165 1472 2273 1506 modo

1285 1521 1416 1566 peccati
1440 1528 1473 1555 et
1496 1521 1568 1554 irae
1591 1521 1733 1554 divinae
1750 1521 2031 1564 magnitudinem
2046 1529 2274 1564 agnoscentes

1284 1578 1530 1616 expavescant,
1563 1583 1627 1605 nec
1659 1578 1881 1615 perseverent
1911 1571 1950 1604 in
1982 1578 2054 1605 tam
2075 1572 2274 1616 perniciosa

1284 1621 1479 1668 philautia,
1518 1633 1619 1655 coeca
1649 1621 1853 1663 securitate,
1889 1628 1920 1656 et
1948 1633 2060 1655 crassa
2090 1623 2272 1667 superbia:

1284 1673 1398 1719 qualis
1427 1671 1484 1706 hic
1512 1684 1629 1706 severe
1654 1679 1791 1706 taxatur
1817 1673 1853 1706 in
1883 1673 1948 1707 isto
1973 1670 2177 1718 hypocrita,
2210 1674 2276 1720 qui

1283 1723 1418 1761 habens
1438 1724 1572 1757 trabem
1595 1723 1632 1756 in
1653 1723 1774 1761 oculo,
1801 1724 1876 1757 mlt
1894 1723 1994 1758 alteri
2014 1724 2182 1758 festucam
2200 1725 2273 1758 exi-

1283 1787 1387 1809 mere.
1448 1774 1536 1808 Nam
1565 1772 1650 1808 haec
1681 1774 1785 1814 vitia,
1821 1772 2013 1819 philautia,
2048 1776 2214 1810 securitas
2240 1782 2273 1810 et

1283 1826 1446 1871 superbia
1471 1832 1553 1859 sunt
1577 1826 1612 1858 in
1630 1825 1740 1859 oculis
1760 1824 1824 1858 Dei
1842 1832 1949 1860 tetrae
1963 1832 1995 1859 et
2015 1826 2274 1860 abominabiles

1283 1878 1422 1912 sordes:
1450 1877 1532 1922 quia
1564 1888 1624 1909 cor
1651 1888 1812 1909 securum
1836 1882 1867 1910 et
1892 1888 2079 1920 arrogans,
2103 1889 2182 1910 cum
2207 1889 2272 1912 nec

1283 1935 1413 1961 metuat
1438 1940 1500 1961 nec
1525 1927 1748 1969 magnifaciat
1777 1927 1864 1960 iram
1882 1927 1967 1967 Dei,
1994 1939 2031 1960 re
2058 1927 2131 1971 ipsa
2153 1928 2270 1962 detra

1282 1977 1335 2012 hit
1354 1977 1428 2011 Deo
1444 1978 1602 2011 debitum
1620 1975 1804 2017 honorem,
1831 1979 1915 2011 dum
1932 1977 2084 2012 somniat
2099 1990 2178 2012 eum
2197 1991 2270 2013 non

1283 2029 1410 2074 punire
1430 2035 1587 2073 peccata,
1616 2030 1674 2062 sed
1696 2030 1848 2062 otiosum
1868 2036 1901 2063 et
1918 2029 2052 2063 lentum
2071 2040 2156 2063 esse.

1386 2105 1480 2139 llaec
1512 2106 1583 2150 ipsa
1616 2104 1782 2137 securitas
1812 2110 1844 2137 et
1877 2106 2024 2139 coecitas
2047 2105 2085 2140 in
2108 2107 2269 2141 omnium

1283 2154 1539 2201 Prophetarum
1569 2155 1800 2190 concionibus
1830 2152 2051 2190 horribiliter
2077 2164 2272 2199 accusatur,

1282 2214 1320 2241 ut
1345 2209 1438 2251 apud
1462 2206 1601 2241 Esaiam
1628 2206 1783 2240 clami-tat
1810 2205 1904 2240 Deus
1929 2219 2004 2251 cap.
2022 2207 2098 2242 48.:
2131 2206 2269 2242 Nervus

1282 2259 1414 2292 ferreus
1432 2258 1547 2292 cervix
1564 2265 1640 2298 tua,
1667 2264 1698 2290 et
1716 2258 1814 2290 frons
1830 2264 1888 2291 tua
1905 2270 2022 2292 aenea.
2078 2256 2164 2292 hem
2183 2258 2268 2293 nie-

1282 2309 1409 2343 remiae
1428 2311 1477 2345 8.:
1513 2308 1592 2343 Non
1623 2316 1705 2343 sunt
1730 2307 1886 2349 confusi,
1918 2315 1950 2342 et
1975 2309 2179 2342 erubescere
2206 2322 2267 2343 ne-

1280 2361 1445 2395 scierunt.
1509 2360 1584 2394 lmo
1617 2360 1745 2403 passim
1776 2366 1983 2403 repetuntur
2014 2359 2049 2392 in
2078 2358 2267 2403 Prophetis

1281 2410 1344 2445 hac
1370 2413 1588 2446 tristissimae
1612 2411 1784 2456 querelae.
1837 2409 1905 2443 Sed
1931 2422 1992 2443 vos
2012 2411 2175 2455 inprimis
2192 2423 2265 2446 me-

1281 2470 1435 2496 mentote
1475 2471 1506 2497 et
1539 2463 1727 2505 diligenter
1757 2460 1942 2503 expendite
1975 2462 2107 2496 dictum
2140 2459 2265 2497 Esaiae

1280 2515 1390 2558 capite
1407 2515 1484 2550 66.:
1600 2524 1702 2558 quem
1728 2511 1934 2554 respiciam?
1968 2513 2053 2546 dicit
2080 2512 2264 2551 Dominus.

1279 2565 1346 2599 nisi
1364 2567 1405 2599 ad
1427 2566 1590 2598 miserum
1603 2591 1610 2602 ,
1638 2570 1669 2596 et
1685 2563 1874 2595 contritum
1891 2563 2037 2607 spiritu,
2063 2570 2093 2597 et
2111 2570 2264 2597 tremen-

1278 2624 1347 2650 tem
1375 2627 1553 2650 sermones
1576 2626 1681 2647 meos.
1737 2613 1853 2647 Nolite
1879 2613 2008 2657 lingere
2031 2620 2090 2648 aut
2107 2615 2263 2649 somnia-

243 2663 413 2695 consis-iis
439 2663 629 2707 proclames
655 2671 685 2697 et
712 2666 871 2698 traducas
894 2665 1036 2699 alterius
1060 2666 1162 2707 vitia,
1188 2673 1223 2700 ut
1278 2679 1331 2707 re,
1359 2669 1452 2713 quod
1476 2665 1633 2711 superbi,
1658 2672 1861 2708 arrogantes
1877 2672 1909 2699 et
1927 2666 2037 2700 securi
2057 2664 2118 2711 qui
2137 2665 2263 2701 vivunt

2358 1631 2371 1850 0na>mffi
