2409 2915
105 78 203 116 1057
393 79 476 118 XII.
538 75 933 116 ANNOTATIONES
958 77 1026 115 ET
1053 75 1334 115 CONCIONES
1360 79 1412 117 IN
1437 78 1619 119 EVANG.
1649 81 1859 122 lOANNIS.
2047 89 2143 128 1058

103 177 199 199 mera
217 164 420 209 ignorantia
435 165 501 200 Dei
517 165 563 200 sit
583 171 820 199 commentum
845 166 889 199 de
913 166 1026 201 libero
1043 177 1099 199 ar-
1151 160 1305 208 pbistae‚
1347 167 1447 201 nullo
1481 167 1628 202 fortiore
1659 181 1719 203 eos
1758 179 2024 216 oppugnaturus
2061 187 2136 209 sum

102 217 225 253 bitrio.
278 216 360 250 Non
385 217 511 251 doctor
534 216 594 250 sed
622 215 766 249 effector
783 217 906 251 salutis
923 225 972 252 est
991 214 1098 252 Chri·
1150 227 1254 259 quam
1272 213 1339 250 hoc
1353 217 1429 261 ipso
1448 216 1554 252 huius
1571 217 1758 264 Evangelii
1778 223 1966 268 principie.
2018 223 2136 272 Atque

103 274 196 308 stus,
223 268 318 313 quod
345 267 374 300 si
400 268 524 301 doctor
547 273 686 300 tantum
713 274 820 309 esset,
847 275 881 302 et
899 267 1050 302 Ioannes
1065 273 1097 301 et
1148 263 1214 299 hoc
1234 267 1454 310 potissimum
1473 267 1556 303 hinc
1576 271 1698 313 disces,
1725 271 1906 308 Christum
1923 275 2037 310 lucem
2052 289 2134 319 esse,

102 329 224 351 omnes
241 316 510 362 aliiProphetae
524 318 586 351 lux
601 324 726 354 essent.
754 317 868 360 Nunc,
896 332 975 353 cum
992 318 1097 353 Ioan-
1147 328 1235 362 quae
1254 317 1440 358 illuminet,
1468 320 1504 353 id
1520 327 1582 361 est,
1605 334 1736 357 novum
1754 324 1873 358 lumen
1891 334 1983 361 creet
1999 328 2037 360 in
2054 340 2132 362 cor-

100 380 162 402 nes
184 380 256 402 non
282 368 476 409 illuminet,
508 369 569 414 qui
597 375 714 402 tamen
739 370 856 410 docet,
888 383 980 404 novo
1005 376 1095 404 certe
1146 367 1249 401 dibus
1267 369 1477 411 electorum,
1504 371 1579 404 sine
1595 385 1665 417 quo
1691 385 1783 408 novo
1802 376 1935 410 lumine
1952 389 2066 413 merae
2083 386 2134 413 te-

99 419 234 453 lumine
260 431 348 463 opus
378 417 569 461 habemus,
611 421 705 464 quod
738 432 812 453 non
843 421 1001 455 doctrina
1034 422 1092 453 sed
1145 419 1292 459 nebrae,
1321 419 1518 462 ignorantia
1541 433 1638 456 mera
1659 423 1779 458 lumen
1805 433 1951 461 naturae
1975 435 2035 462 est.
2087 428 2133 464 Et

98 470 227 503 creatio
245 470 329 503 novi
345 470 460 504 cordis
476 470 531 505 sit.
584 467 745 504 Observa
766 471 876 514 igitur
899 472 1088 506 accuratis·
1143 476 1181 503 ut
1197 467 1326 504 Christi
1346 471 1466 504 lumen
1485 473 1556 507 vita
1572 481 1640 514 est,
1667 474 1712 508 ita
1731 475 1850 509 lumen
1867 485 2012 512 naturae
2028 480 2130 523 plane

98 520 185 554 sime
203 519 347 554 Ioannis
370 527 403 554 et
419 518 553 555 Christi
571 521 795 556 collationem
807 549 816 563 ,
844 529 883 556 ut
906 523 1092 567 intelligas,
1142 532 1236 554 mors
1252 528 1315 555 est.
1368 521 1457 555 Nam
1479 524 1539 568 qui
1557 525 1705 558 credunt
1723 525 1760 559 in
1776 524 1958 561 Christum
1980 537 2129 564 mortem

99 582 231 605 novum
251 572 369 605 lumen
388 571 425 604 in
442 572 609 606 cordibus
626 573 758 606 nostris
779 574 889 607 creari
918 582 1091 618 oportere.
1141 583 1212 604 non
1229 573 1429 615 gustabunt,
1456 574 1538 618 quia
1556 575 1760 617 illuminati,
1785 577 1935 623 ideoque
1952 580 2054 613 etiam
2073 582 2127 613 vi-

691 656 697 663 ,
1140 622 1286 664 vificati‚
1313 630 1346 658 et
1363 625 1565 659 transibunt
1582 638 1643 670 per
1667 634 1816 661 mortem
1842 629 1917 663 sine
1942 630 2015 665 ullo
2032 643 2127 665 mor-

401 652 556 690 Omnem
591 653 788 691 hommem.
1141 673 1184 706 fis
1199 684 1313 708 sensu,

196 723 340 766 Primo,
373 737 448 758 non
480 736 602 758 omnes
637 725 834 758 illuminari
868 725 981 768 palam
1020 733 1086 767 est;

97 787 187 821 quae
203 786 284 818 ergo
303 773 410 809 huius
429 775 497 809 loci
514 776 686 810 sententia
703 776 779 810 est?
805 775 961 819 Quidam
979 777 1086 821 elapsi
1111 786 1114 828 5

96 833 179 860 sunt
205 823 272 859 hoc
296 827 422 867 modo,
457 833 497 860 ut
522 827 778 871 intelligerent,
806 828 901 872 quod
924 827 1013 861 sicut
1034 828 1086 862 sol
1111 832 1113 893 l
1235 823 1476 871 'prdfltsvotq
1504 827 1541 860 in
1560 826 1704 862 Graecis
1723 830 1945 875 participium
1963 831 2052 865 illud
2072 844 2125 865 re-

95 888 202 922 super
241 889 364 911 omnes
397 877 554 911 exoritur
587 885 621 913 et
656 877 809 911 effundit
843 878 960 911 radios
992 890 1086 923 suos,
1110 915 1112 919 y
1137 875 1220 908 ferri
1246 884 1359 920 potest
1384 878 1442 910 vel
1467 879 1509 912 ad
1534 879 1653 913 lumen
1670 880 1724 913 vel
1748 882 1790 914 ad
1809 879 2002 916 hominem.
2056 881 2125 928 Cy-

93 939 297 973 quanquam
315 928 406 961 caeci
429 940 501 961 non
519 929 680 970 videant,
708 929 756 962 ita
775 926 1008 972 Evangelium
1027 941 1086 963 ex-
1136 926 1237 961 rillus
1255 928 1333 961 ideo
1350 929 1392 961 ad
1415 926 1594 962 hominem
1619 931 1758 972 retulit,
1785 932 1868 977 quia
1894 933 1937 966 de
1961 933 2037 967 luce
2061 946 2123 977 po-

93 979 228 1012 oriatur
243 979 346 1013 etiam
364 990 468 1023 supra
485 979 613 1023 impios
623 991 824 1025 quanquam
841 992 913 1013 non
931 980 1085 1024 capiunt,
1108 1022 1111 1027 .
1136 984 1206 1010 stea
1232 979 1405 1023 sequitur:
1438 979 1478 1014 In
1502 981 1638 1014 mundo
1662 988 1735 1015 erat
1760 989 1841 1024 etc.,
1875 990 1978 1029 atque
2002 995 2058 1017 me
2086 996 2124 1018 ea

94 1030 190 1063 iuxta
207 1029 312 1063 illud:
358 1030 490 1064 Audite
515 1031 717 1071 audientes,
752 1038 784 1064 et
808 1031 919 1064 nolite
949 1031 1084 1065 intelli-
1136 1029 1208 1073 ipsa
1237 1030 1326 1063 ratio
1351 1031 1518 1071 moverit,
1553 1038 1591 1065 ut
1615 1033 1657 1065 ad
1682 1032 1802 1066 lumen
1826 1034 1957 1068 referre
1980 1035 2123 1079 possim,

94 1092 185 1124 gere,
240 1080 311 1115 Sed
333 1081 379 1114 ita
397 1093 437 1114 ex
456 1078 599 1115 Christo
619 1082 799 1115 doctorem
816 1082 958 1120 seceris,
987 1083 1083 1127 quod
1135 1080 1234 1124 quasi
1260 1080 1408 1114 diceret:
1448 1081 1587 1115 Novum
1614 1083 1735 1116 lumen
1760 1090 1871 1125 creat,
1906 1085 1988 1129 quia
2010 1084 2055 1130 ³¹²)
2086 1086 2123 1119 in

94 1138 266 1175 repugnat
297 1132 415 1165 ordini
443 1132 634 1166 sententiae
660 1130 726 1166 hoc
752 1133 842 1166 loco.
902 1131 991 1165 Nam
1027 1131 1083 1166 hic
1136 1132 1306 1164 mundum
1332 1132 1447 1173 venit,
1481 1133 1517 1165 id
1552 1139 1620 1174 est,
1653 1133 1734 1178 quia
1758 1134 1817 1167 illa
1840 1135 1899 1168 lux
1925 1147 2004 1169 caro
2035 1137 2123 1170 facta

91 1189 183 1216 certe
202 1182 499 1216 illuminationem
519 1195 582 1227 pro
599 1183 681 1217 novi
705 1183 853 1216 luminis
879 1182 1082 1217 conditione
1135 1188 1195 1215 est.
1249 1181 1318 1215 Sed
1338 1182 1418 1227 quia
1438 1183 1559 1222 video,
1594 1184 1759 1218 omnibus
1782 1185 1952 1229 placuisse
1976 1187 2121 1220 alteram

90 1232 228 1276 accipit.
282 1232 465 1275 Secundo,
491 1234 687 1268 illuminari
711 1231 768 1267 hic
791 1246 864 1267 non
883 1234 1009 1267 debere
1025 1247 1082 1267 ac-
1134 1231 1340 1271 lectionem,
1368 1245 1555 1278 sequamur
1577 1246 1652 1267 eam
1677 1242 1710 1268 et
1726 1247 1810 1276 nos,
1837 1243 1877 1270 ut
1901 1237 1945 1270 sit
1968 1249 2120 1271 summa:

90 1283 160 1327 cipi
177 1295 240 1328 pro
259 1285 395 1325 docere,
421 1285 510 1318 sicut
529 1283 715 1329 Sophistae
732 1283 991 1323 intellexerunt,
1020 1297 1081 1328 pa·
1105 1279 1107 1282 ⁴
1133 1282 1246 1315 lucem
1292 1281 1476 1317 Christum
1515 1285 1718 1318 illuminare
1752 1287 1819 1319 fide
1860 1287 1897 1319 in
1931 1285 1997 1320 hac
2037 1288 2122 1332 vita,

88 1334 160 1366 lam
186 1341 253 1368 est:
292 1347 374 1367 nam
402 1335 562 1379 alioquin
593 1336 697 1368 etiam
724 1334 874 1368 Ioannes
903 1341 936 1367 et
959 1347 1080 1367 omnes
1104 1332 1106 1359 3
1132 1340 1249 1376 postea
1267 1334 1404 1366 tradere
1419 1345 1566 1377 regnum
1587 1336 1694 1378 patri,
1721 1337 1783 1369 ubi
1801 1349 1917 1370 coram
1934 1349 2121 1381 cognosce-

89 1383 287 1428 Prophetae
312 1385 372 1418 lux
408 1385 564 1420 suerunt.
634 1384 777 1428 Tertio,
815 1396 896 1418 -non
932 1385 1080 1419 sensisse
1104 1410 1105 1413 η
1132 1394 1208 1415 mus
1235 1390 1380 1427 patrem.
1432 1384 1550 1429 Atque
1579 1397 1640 1428 per
1662 1386 1750 1419 illud
1777 1387 1891 1430 ipsum
1916 1389 2037 1421 lumen
2063 1401 2122 1422 co-

87 1432 372 1479 Evangelistam,
407 1436 503 1480 quod
528 1447 650 1469 omnes
674 1435 944 1476 illuminentur,
972 1448 1012 1469 ex
1038 1448 1078 1469 eo
1103 1424 1105 1468 ι’
1132 1434 1312 1477 gnoscitur
1338 1441 1457 1478 pater,
1494 1437 1589 1480 quod
1613 1436 1648 1469 in
1675 1437 1778 1470 nobis
1794 1435 1956 1473 Christus
1980 1439 2121 1475 creavit.

89 1493 234 1530 apparet
258 1487 353 1531 quod
377 1485 441 1520 ait:
483 1484 529 1520 Et
552 1487 717 1520 tenebrae
733 1498 808 1519 eam
825 1498 898 1520 non
914 1498 1077 1530 compre·
1102 1524 1105 1537 ς
1131 1483 1184 1517 De
1199 1486 1306 1518 verbo
1333 1486 1516 1519 incarnato
1539 1487 1697 1530 intellige
1721 1495 1753 1522 et
1768 1489 1863 1533 quod
1877 1496 1958 1523 ante
1976 1490 2119 1524 dixerit:

87 1533 308 1578 henderunt3
351 1537 453 1570 item:
505 1536 665 1571 Mundus
696 1549 777 1570 eum
816 1549 890 1570 non
918 1538 1078 1581 agnovit3
1102 1551 1105 1559 .
1133 1534 1285 1568 Veniens
1302 1536 1339 1568 in
1357 1538 1550 1575 mundum,
1577 1544 1609 1571 et
1626 1545 1762 1582 postea:
1791 1538 1831 1572 In
1854 1540 1997 1583 propria
2013 1541 2121 1577 venit.

88 1587 189 1621 item:
233 1587 296 1622 Sui
324 1599 397 1620 non
420 1594 627 1631 receperunt
653 1600 749 1628 eum3
778 1595 870 1621 certe
894 1588 1080 1632 recepturi,
1102 1593 1104 1598 '
1130 1584 1234 1619 Certe
1260 1586 1353 1618 enim
1375 1587 1513 1625 venire,
1541 1599 1708 1632 apparere
1733 1595 1794 1624 est.
1846 1588 1893 1623 Et
1915 1602 2010 1624 nunc
2036 1592 2121 1626 dicit

88 1638 117 1671 si
139 1638 289 1671 fuissent
310 1638 521 1679 illuminati,
557 1638 651 1672 iuxta
675 1638 765 1671 illud
784 1639 816 1672 1.
832 1636 995 1674 Corinth.
1014 1637 1079 1672 IL:
1102 1629 1105 1642 ¹
1130 1635 1382 1679 significanter:
1410 1637 1449 1671 In
1468 1639 1602 1672 mundo
1620 1646 1714 1679 erat,
1739 1640 1834 1684 quod
1853 1647 1932 1684 apte
1950 1642 1993 1674 de
2010 1642 2118 1675 verbo

87 1688 125 1723 Si
150 1689 393 1732 cognovissent
424 1686 697 1734 haudquaquam
729 1689 914 1722 dominum
946 1690 1078 1732 gloriae
1102 1723 1104 1725 ,
1129 1699 1203 1719 non
1230 1687 1412 1721 incarnato
1439 1688 1510 1721 dici
1534 1701 1607 1722 non
1631 1690 1788 1731 videtur,
1815 1690 1843 1724 si
1861 1698 1994 1735 spectes
2012 1690 2119 1736 phra-

89 1739 357 1774 crucifixissent.
410 1738 565 1782 Quarto,
589 1740 667 1773 ideo
690 1739 898 1783 simpliciter
922 1740 1078 1774 dicamus
1102 1737 1103 1756 ³
1130 1738 1193 1770 sim
1212 1737 1354 1771 Ioannis
1371 1738 1537 1783 cap.lx.:
1567 1739 1682 1783 Quam
1698 1742 1759 1774 diu
1778 1754 1855 1774 sum
1871 1741 1907 1775 in
1926 1740 1993 1776 hoc
2012 1755 2117 1776 mun-

88 1790 144 1829 id,
181 1791 276 1835 quod
300 1790 406 1823 sentit
430 1791 651 1834 Augustinus
676 1797 709 1825 et
731 1788 836 1824 huius
862 1796 975 1823 textus
991 1791 1078 1824 ordo
1101 1819 1103 1840 ‚¹
1129 1790 1194 1828 (Ιο,
1227 1789 1285 1821 lux
1310 1801 1385 1822 sum
1409 1791 1550 1825 mundi:
1587 1798 1619 1825 et
1643 1790 1761 1827 Xlll.:
1790 1791 1963 1827 Transeat
1989 1806 2029 1827 ex
2051 1792 2118 1828 hoc

86 1841 233 1879 evincit,
283 1841 434 1874 voluisse
464 1841 721 1884 Evangelistam
757 1841 872 1875 solum
896 1839 1077 1875 Christum
1101 1842 1103 1856 ¹
1128 1840 1275 1874 mundo.
1328 1839 1482 1873 Proinde
1500 1848 1723 1887 posteaquam
1743 1854 1845 1887 supra
1866 1845 1909 1877 de
1932 1844 2117 1878 divinitate

86 1903 158 1925 esse
182 1892 316 1935 lucem,
351 1892 412 1937 qui
438 1893 533 1925 solus
556 1893 735 1926 illuminat
753 1898 927 1937 quotquot
943 1892 1078 1925 illumi-
1100 1876 1104 1907 l
1128 1890 1225 1922 verbi
1245 1897 1276 1923 et
1296 1891 1450 1934 potentia
1467 1891 1540 1924 eius
1557 1893 1708 1933 dixerat,
1735 1894 1867 1927 scilicet
1884 1895 1979 1939 quod
1996 1902 2029 1929 et
2045 1895 2117 1929 vita

84 1949 227 1977 uantur.
281 1942 330 1977 Ut
356 1943 385 1975 si
408 1943 502 1977 dicat
528 1945 572 1977 de
590 1944 697 1977 unico
715 1943 833 1988 aliqua
852 1943 889 1976 in
909 1943 995 1976 urbe
1011 1944 1077 1977 do·
1128 1947 1162 1973 et
1178 1941 1299 1974 lumen
1318 1942 1381 1981 sit,
1408 1942 1441 1975 id
1460 1949 1509 1975 est
1533 1943 1709 1976 vivificum
1735 1944 1873 1977 lumen:
1908 1957 2004 1979 nunc
2028 1946 2116 1979 inci—

84 2001 195 2028 «ἵκοι-ες
224 1992 293 2027 Hic
309 2005 431 2027 omnes
447 1995 549 2029 docet
563 1994 602 2029 in
620 1993 685 2028 hac
702 1995 801 2038 urbe,
827 1994 862 2027 id
879 2000 946 2034 est,
966 2002 1072 2039 quot-
1100 2003 1101 2035 ᾗ
1128 1991 1197 2035 pit,
1225 2004 1297 2025 non
1322 1992 1399 2025 dico
1426 1993 1468 2025 de
1490 2005 1593 2026 carne
1615 2001 1772 2036 tantum,
1796 1996 1854 2028 sed
1874 1997 1982 2029 verbo
2000 1997 2116 2030 incar-

83 2051 169 2090 quot
186 2043 222 2078 in
242 2042 305 2077 hac
318 2045 406 2078 urbe
422 2046 611 2084 docentur,
636 2043 741 2079 huius
759 2057 865 2089 opera
888 2045 1071 2079 docentur.
1099 2037 1102 2056 '
1127 2049 1208 2076 nato
1228 2050 1260 2076 et
1278 2041 1463 2077 humiliato
1490 2044 1601 2089 loqui.
1654 2046 1691 2078 ld
1709 2046 1835 2079 iterum
1851 2047 1985 2090 prolixe
2002 2054 2035 2081 et
2056 2059 2116 2091 per

84 2094 132 2130 [Ξῖ
149 2093 254 2130 Rom.
273 2093 315 2130 V.
341 2094 491 2134 Paulu5‚
519 2096 582 2130 ubi
606 2097 730 2129 (locere
761 2096 837 2129 vult
856 2096 952 2140 quod
975 2096 1070 2129 solus
1126 2094 1404 2127 circumstantias
1423 2101 1556 2131 tractat.
1598 2094 1644 2129 Et
1661 2096 1814 2140 primum
1835 2097 1976 2142 quidem
1995 2098 2115 2131 obser-

83 2143 246 2188 Christus
287 2145 468 2187 iustificet‚
509 2147 612 2180 dicit:
670 2145 784 2180 Unius
824 2146 996 2179 iusticiam
1038 2146 1074 2179 in
1126 2144 1224 2177 vabis
1241 2145 1412 2188 egregiam
1437 2143 1641 2180 antithesin.
1697 2146 1810 2180 Verba
1836 2148 2027 2192 simplicia,
2054 2149 2112 2181 sed

83 2209 205 2230 omnes
222 2195 276 2242 ¹¹),
305 2196 340 2230 id
359 2203 425 2237 est,
451 2209 555 2230 nemo
572 2197 777 2231 iustificatur
793 2196 861 2229 nisi
882 2208 943 2240 per
961 2207 1071 2230 unum
1098 2188 1100 2196 ’
1124 2206 1178 2228 res
1198 2195 1366 2229 maximae
1382 2203 1473 2230 sunt.

86 2245 278 2282 Christum.
331 2245 376 2281 Et
392 2248 503 2282 infra:
540 2247 591 2282 De
607 2247 830 2292 plenitudine
847 2248 921 2281 eius
937 2247 1074 2291 accepi·
1097 2261 1099 2296 j

84 2310 162 2332 mus
191 2311 325 2333 omnes.
387 2297 441 2333 lta
465 2297 522 2332 hic
542 2298 691 2332 loannes
715 2298 752 2331 in
781 2298 969 2332 collatione
986 2297 1073 2331 Pro-
1097 2311 1100 2323 ν

84 2346 270 2394 phetarum
287 2362 365 2383 cum
381 2347 522 2385 Christo
535 2377 544 2391 ‚
571 2349 669 2393 (nam
685 2356 718 2383 et
734 2349 786 2382 illi
804 2350 862 2382 lux
880 2349 992 2382 videri
1010 2361 1074 2393 po-
1097 2350 1099 2381 1
1227 2346 1409 2380 Hactenus
1426 2347 1469 2378 (le
1485 2344 1582 2377 verbi
1602 2345 1769 2388 potentia,
1787 2357 1881 2379 nunc
1899 2347 1941 2379 de
1956 2346 2112 2390 ingressu

82 2404 213 2442 terant)
229 2401 291 2434 ait:
319 2400 400 2435 Non
415 2408 487 2436 erat
504 2402 564 2434 ille
581 2401 654 2441 lux,
682 2401 740 2433 sed
758 2398 920 2434 Christus
938 2400 997 2433 lux
1014 2406 1075 2441 est,
1124 2397 1196 2431 eius
1220 2397 1256 2430 iu
1283 2398 1454 2430 mundum
1490 2395 1658 2440 loquitur.
1721 2395 1852 2429 Venire
1877 2397 1914 2429 in
1938 2399 2111 2431 mundum

83 2451 241 2496 quicum
269 2450 456 2494 Ioannem,
484 2460 558 2487 tum
584 2463 705 2485 omnes
733 2451 932 2491 illuminat,
961 2451 1007 2484 ita
1025 2457 1074 2492 ut,
1125 2455 1174 2482 est
1199 2445 1382 2481 humiliari
1407 2453 1470 2480 etc.
1524 2445 1565 2479 ln
1593 2446 1727 2480 mundo
1753 2458 1846 2486 esse,
1881 2454 1931 2481 est
1957 2448 1990 2480 id
2017 2449 2111 2493 quod

83 2502 152 2535 nisi
169 2502 241 2546 ipse
264 2502 464 2547 illuminet,
491 2515 594 2537 nemo
614 2502 848 2537 illuminetur.
902 2500 1075 2543 Breviter,
1124 2496 1280 2544 Philipp.
1309 2497 1354 2532 ll.
1383 2497 1529 2530 dicitur:
1580 2495 1620 2529 ln
1653 2497 1924 2531 similitudinem
1956 2496 2111 2533 hominis

84 2553 112 2585 si
130 2551 217 2586 mihi
237 2565 299 2598 pro
320 2553 430 2587 libero
454 2555 601 2587 arbitrio
624 2554 730 2588 citent
758 2552 851 2587 hunc
874 2554 989 2587 locum
1008 2551 1073 2587 So·
1097 2592 1099 2594 v
1124 2549 1233 2583 faetus
1250 2556 1281 2582 et
1298 2547 1421 2582 habitu
1439 2548 1604 2582 inventus
1621 2555 1660 2582 ut
1682 2545 1798 2581 homo.
1852 2546 1899 2583 Et
1915 2547 2110 2585 Hebr.lV.:

1326 757 1536 793 Venientem
1562 759 1601 793 in
1629 758 1725 796 hunc
1752 761 1941 799 mundum.

1445 2276 1494 2311 In
1523 2276 1660 2311 mundo
1689 2282 1778 2313 erat.

118 2671 166 2698 41]
186 2670 252 2694 Tub.
270 2671 346 2695 sicut
367 2671 452 2694 nnius
472 2671 590 2695 iustitia
610 2671 638 2694 ἰη
663 2676 764 2694 onmes.
1162 2667 1208 2695 42)
1229 2667 1313 2697 quia]
1333 2667 1427 2689 secer.
1448 2665 1506 2695 qui.

87 2708 264 2738 Mamm.
285 2708 386 2739 Oeen.
419 2705 500 2738 Voi..
521 2708 601 2738 xlv
1549 2699 1596 2732 67
