2409 2915
85 196 160 230 sine
175 195 303 229 timore
320 193 405 235 Dei,
431 194 506 227 sine
523 204 628 226 sensu
644 192 715 225 irae
739 197 772 225 et
795 191 919 225 iudicii
941 191 1069 233 divini,

85 247 158 280 sint
179 244 246 280 filii
268 244 354 286 Dei,
388 251 448 278 aut
470 242 637 277 haeredes
660 242 751 277 vitae
776 248 957 284 aeternae,
998 243 1070 276 imo

85 297 159 342 ipsa
178 294 332 330 Ecclesia
355 306 454 335 vera,
488 300 520 327 et
537 292 602 326 Dei
627 293 779 337 populus
801 293 881 326 ideo
905 299 973 333 tnt,
1000 301 1071 327 tam

85 348 192 381 variis
207 347 382 391 tantisque
400 344 658 378 calamitatibus
680 350 868 385 oneratur,
901 351 941 378 ut
958 345 1071 378 disca-

85 410 164 432 mus
187 408 372 441 agnoscere
397 395 485 428 iram
509 393 576 428 Dei
599 395 766 428 adversus
791 401 910 428 nostra
933 401 1071 440 peccata

84 449 240 494 ingentia
258 455 291 482 et
313 445 539 489 multiplicia:
567 452 601 479 et
625 446 863 490 perterrefacti
888 446 1072 490 confugia-

83 511 162 534 mus
186 500 228 532 ad
244 497 491 537 mediatorem,
519 508 558 530 ac
579 503 815 541 repugnantes
832 504 989 541 peccato,
1016 496 1070 529 vi-

85 558 154 585 tam
186 555 218 583 et
247 559 362 581 mores
390 548 628 581 emendemus.
695 547 831 581 Poenas
863 549 1006 593 quidem
1031 547 1068 580 in

83 605 269 644 conspectu
287 598 415 642 positas
430 610 535 632 nemo
552 606 602 632 est
619 599 679 644 qui
704 610 776 633 non
801 599 936 643 videat,
965 598 1069 637 bella,

82 652 224 690 famem,
259 650 420 690 morbos,
456 661 495 682 ac
519 651 748 683 metuendum
773 656 843 690 est,
876 650 1070 694 asperiores

79 701 192 735 multo
211 707 242 734 et
259 700 448 734 atrociores
466 712 597 744 poenas
615 707 793 734 secuturas
811 712 894 735 esse.
950 700 990 734 ln
1007 700 1068 734 Li-

79 749 227 786 thuania
249 751 318 784 iam
341 758 437 785 tanta
463 752 572 784 fames
595 758 786 794 grassatur,
819 757 857 785 ut
881 751 985 785 multi
1007 762 1070 795 pa-

79 809 196 836 rentes
235 809 267 836 et
307 802 376 835 sibi
411 809 443 836 et
476 802 548 835 suis
579 802 701 835 liberis
738 802 847 836 vitam
878 802 1068 846 suspendio

79 854 290 897 abrumpant
310 865 394 897 prae
420 853 641 886 intoleranda
663 853 766 886 famis
792 853 954 893 saevitia,
981 864 1069 898 quae

79 904 221 949 quidem
251 904 440 937 difficultas
469 916 530 937 seu
563 904 688 937 caritas
720 916 884 937 annonae
908 903 1069 946 ingrave-

79 955 206 988 scentis
223 954 391 999 paulatim
411 966 548 998 serpere
568 966 607 987 ac
624 955 770 999 propius
785 955 827 988 ad
853 961 989 988 nostras
1012 966 1067 988 re-

78 1006 198 1049 giones
215 1005 311 1038 velut
329 1005 540 1048 contagione
557 1007 708 1050 quadam
724 1017 866 1039 manare
882 1005 1032 1041 videtur.

181 1063 277 1099 Deus
307 1072 471 1098 aeternus
493 1063 598 1098 Pater
618 1063 767 1098 Domini
799 1071 832 1098 et
867 1065 1067 1099 liberatoris

79 1116 191 1150 nostri
218 1117 295 1149 lesu
318 1113 470 1155 Christi,
512 1115 701 1148 clementer
722 1116 856 1159 mitiget
889 1127 928 1148 ac
959 1116 1068 1150 leniat

77 1173 192 1201 tantas
226 1166 384 1199 miserias
407 1173 440 1200 et
464 1177 649 1199 aerumnas
674 1172 818 1210 propter
841 1166 1005 1200 meritum
1033 1174 1066 1201 et

78 1217 366 1252 intercessionem
385 1216 447 1250 filii
467 1216 519 1249 sui
533 1244 542 1257 ,
569 1223 601 1250 et
626 1223 744 1261 parcat
765 1217 935 1250 immensa
961 1218 1065 1251 boni-

77 1275 147 1303 tate
163 1268 292 1302 tenello
315 1267 410 1310 gregi
436 1279 628 1311 puerorum
653 1274 686 1301 et
711 1267 928 1311 puellarum,
963 1275 1003 1302 ut
1026 1269 1064 1301 in

75 1319 258 1353 familiolis
287 1318 417 1351 nostris
448 1324 674 1351 conservetur
699 1329 738 1350 ac
767 1324 978 1360 propagetur
1000 1319 1065 1351 do-

75 1370 188 1403 ctrina
214 1368 385 1402 coelestis.
453 1365 487 1400 Ο
512 1368 623 1406 hone,
659 1367 876 1405 misericors,
910 1368 1064 1401 benefice

75 1419 194 1460 Deus,
222 1418 388 1451 miserere
415 1418 528 1451 nostri
552 1424 696 1462 propter
718 1417 848 1459 filium,
885 1425 919 1451 et
940 1419 984 1451 da
1010 1419 1062 1451 vi-

75 1477 170 1505 ctum
188 1481 228 1503 ac
245 1480 372 1513 panem
391 1467 640 1513 quotidianum
657 1468 788 1502 tenello
812 1469 907 1512 gregi
922 1475 1063 1503 nostro-

71 1534 150 1556 rum
174 1521 381 1554 liberorum.
431 1518 567 1552 Harum
590 1525 624 1553 et
649 1519 818 1552 similium
840 1520 1062 1553 miseriarum

71 1571 305 1607 consideratio
322 1570 471 1603 debebat
487 1570 708 1613 singulorum
728 1570 866 1603 animos
889 1571 932 1603 ad
956 1571 1063 1604 timo—

71 1636 145 1658 rem
167 1621 234 1656 Dei
252 1627 286 1654 et
302 1620 577 1664 poenitentiam,
603 1632 664 1654 seu
687 1621 875 1654 salutarem
894 1622 1061 1654 emenda-

70 1676 206 1709 tionem
231 1671 399 1705 vitiorum
424 1668 559 1704 hortari
581 1683 619 1704 ac
646 1671 839 1715 impellere.
900 1671 1006 1714 Quod
1032 1672 1060 1705 si

70 1725 183 1765 fieret,
209 1722 376 1757 facillime
391 1721 766 1762 animadverteremus,
793 1722 865 1755 imo
880 1722 1062 1755 evidenter

72 1775 382 1813 convinceremur,
409 1771 616 1816 nobisipsis
633 1772 854 1817 potissimum
878 1785 967 1817 opus
988 1785 1061 1807 esse

70 1823 338 1862 reformatione,
367 1835 427 1856 seu
452 1835 596 1856 censura
623 1823 874 1857 emendatrice:
910 1836 974 1857 nec
996 1825 1060 1858 ob-

69 1876 276 1913 trectatione
295 1874 459 1915 aliorum,
487 1885 547 1907 seu
564 1875 687 1907 acerbe
702 1874 904 1916 iudicando,
927 1882 961 1909 et
976 1887 1060 1908 con-

68 1927 253 1964 tumeliose
270 1925 457 1969 garriendo
475 1925 518 1958 de
535 1925 614 1958 aliis
637 1925 874 1970 quaerendam
893 1937 966 1960 esse
983 1926 1060 1969 glo-

69 1981 176 2021 riam,
202 1979 262 2013 sed
280 1974 366 2010 haec
386 1973 563 2010 hactenus.

233 2081 290 2114 Ne
314 2077 412 2113 detis
435 2082 610 2113 sanctum
637 2076 794 2112 canibus
815 2082 889 2112 etc.

169 2156 242 2190 lam
261 2155 420 2200 sequitur
435 2154 501 2187 alia
521 2153 699 2192 doctrina,
726 2166 815 2199 quae
833 2155 1058 2198 peculiariter

69 2209 336 2245 concionatores
353 2217 392 2238 ac
410 2204 780 2248 ministrosEvangelii
793 2206 908 2239 erudit
925 2213 958 2239 et
971 2218 1057 2239 con-

66 2263 215 2296 solatur:
245 2255 513 2291 commonefacit
529 2256 611 2289 ite‘m
628 2256 822 2295 auditores,
850 2263 889 2290 ut
905 2268 940 2289 se
963 2257 1056 2300 ipsos

68 2311 294 2357 inspicientes
319 2320 357 2341 ac
380 2306 662 2349 considerantes,
688 2306 749 2351 qui
770 2306 840 2340 sint
857 2314 1057 2341 scrutentur

67 2373 169 2410 atque
188 2360 351 2405 cogitent.
386 2357 484 2392 Facit
500 2358 593 2390 enim
610 2357 675 2390 tria
694 2368 819 2401 genera
837 2358 1054 2392 auditorum:

67 2426 217 2462 quorum
235 2411 297 2445 alii
313 2416 394 2443 sunt
413 2419 533 2450 canes,
568 2407 627 2441 alii
647 2408 763 2453 porci,
790 2409 956 2442 nonnulli
972 2422 1054 2444 vero

65 2467 128 2501 filii
144 2464 221 2500 Dei.

167 2522 281 2557 Canes
317 2518 484 2562 intelligit
506 2517 665 2551 rabiosos
696 2523 950 2562 persecutores,
993 2518 1053 2563 qui

69 2576 163 2610 velut
181 2571 361 2607 mordicus
377 2576 534 2613 arreptos
551 2569 817 2602 concionatores
833 2568 1018 2603 dilaniant.

167 2632 272 2667 Porci
288 2637 369 2664 sunt
388 2627 550 2662 homines
573 2627 688 2669 foedi,
715 2627 900 2668 lutulenti,
927 2629 1055 2672 spurci,

70 2689 328 2731 perseverantes
344 2680 509 2714 videlicet
524 2679 561 2712 iu
577 2679 757 2714 erroribus
773 2679 994 2722 enormibus,
1021 2688 1055 2716 et

469 104 862 143 ANNOTATIONES
887 105 952 141 ET
977 103 1259 142 CONCIONES
1297 106 1347 142 IN
1380 107 1559 146 EVANG.
1586 108 1867 150 MATTHAEI.

2040 116 2112 150 714

1122 192 1272 236 peccatis
1287 199 1407 227 contra
1426 195 1688 231 conscientiam.
1741 195 1789 230 Hi
1805 199 1868 232 etsi
1886 211 2109 245 nequaquam

1122 242 1236 275 videri
1255 244 1380 277 volunt
1396 253 1632 288 persecutores
1643 274 1652 287 ,
1686 248 1757 281 imo
1773 249 1943 284 simulant
1960 251 2104 296 aliquod

1122 293 1277 327 studium
1295 306 1396 327 verae
1414 296 1605 339 religionis,
1627 304 1744 331 tamen
1761 311 1832 333 non
1851 301 1942 334 serio
1959 303 2107 346 cupiunt

1121 355 1222 388 agere
1245 345 1519 388 poenitentiam,
1557 359 1630 380 non
1657 350 1799 384 student
1821 353 2009 385 emendare
2031 365 2107 386 mo-

1121 406 1197 438 res,
1224 395 1283 429 sed
1308 403 1533 440 perseverant
1549 397 1586 429 in
1604 399 1787 433 securitate
1804 408 1837 434 et
1854 403 2017 437 sordibus
2034 415 2108 436 sce-

1120 446 1254 485 lerum,
1282 446 1319 479 in
1347 447 1477 491 quibus
1503 455 1540 482 ut
1565 448 1602 481 in
1629 449 1704 482 luto
1728 461 1805 483 sues
1825 452 2000 487 immundi
2019 455 2106 487 assi-

1121 498 1190 531 due
1207 497 1431 538 volutantur,
1460 498 1625 542 polluunt
1644 511 1678 533 se
1693 500 1919 542 libidinibus,
1947 512 2107 539 exercent

1120 548 1233 589 furta,
1259 549 1419 595 rapinas,
1446 550 1593 594 aucupia
1618 551 1786 594 pecuniae
1806 555 2026 597 quaerendae
2051 556 2106 587 in-

1121 598 1229 640 iusta,
1271 600 1426 634 retinent
1455 606 1671 635 contemtum
1696 600 1782 643 Dei,
1823 615 1896 636 non
1924 616 2004 637 vere
2034 617 2107 638 me—

1120 655 1226 684 tuunt
1243 649 1329 683 iram
1353 657 1387 684 et
1411 651 1581 684 iudicium
1603 652 1686 694 Dei,
1713 665 1786 686 uon
1810 666 1890 687 vera
1914 655 1981 688 fide
2004 655 2107 688 invo—

1120 707 1218 742 cant,
1251 701 1422 734 accedunt
1440 703 1482 734 ad
1502 703 1660 746 publicas
1677 704 1865 738 conciones
1881 711 1913 738 et
1931 706 2107 749 precatio-

1119 763 1181 784 nes
1198 752 1236 784 in
1253 752 1392 796 templis
1409 754 1559 797 quadam
1583 751 1781 799 hypocrisi,
1805 766 1865 788 seu
1883 756 2108 790 simulatione

1119 802 1278 846 pietatis,
1304 809 1367 838 etc.

1223 852 1311 887 Cum
1338 859 1454 887 autern
1483 866 1555 887 non
1587 853 1630 887 sit
1659 854 1801 898 exiguus
1824 868 1992 890 numerus
2015 858 2107 890 eius-

1120 903 1217 937 modi
1244 916 1370 938 canurn
1394 912 1427 938 et
1448 917 1656 949 porcorum,
1694 905 1795 939 facile
1823 907 1984 940 minister
2008 909 2107 941 verbi

1119 966 1179 988 seu
1207 955 1436 989 concionator
1457 956 1585 1000 aliquis
1602 955 1813 999 indignitate
1836 958 1887 990 rei
1911 966 2045 995 motus,
2074 966 2107 992 et

1120 1005 1275 1039 offensus
1297 1006 1482 1047 scandalo,
1510 1012 1689 1050 pertaesus
1712 1008 1796 1041 item
1819 1020 2002 1047 curarum,
2029 1021 2106 1042 mo-

1118 1056 1320 1098 lestiarum,
1348 1057 1530 1095 laborum,
1557 1057 1795 1101 periculorum
1812 1065 1845 1093 et
1861 1059 2106 1095 certaminum,

1119 1120 1208 1151 quae
1250 1107 1465 1141 comitantur
1506 1107 1742 1142 ministerium
1785 1115 1820 1143 et
1853 1110 2106 1154 professionem

1116 1156 1314 1202 Evangelii,
1333 1158 1382 1192 sic
1397 1158 1548 1201 cogitare
1566 1165 1696 1202 posset:
1727 1158 1824 1202 Quid
1840 1160 1944 1193 miser
1958 1161 2108 1194 faciam?

1117 1209 1219 1242 video
1236 1221 1296 1241 me
1308 1207 1401 1242 nihil
1416 1209 1603 1253 proficere,
1629 1221 1725 1243 meos
1740 1211 1879 1244 labores
1896 1211 2015 1245 irritos
2032 1223 2105 1245 esse

1117 1266 1149 1293 et
1163 1260 1238 1292 sine
1262 1260 1398 1300 fructu,
1422 1260 1526 1292 video
1552 1260 1680 1293 frustra
1705 1262 1821 1305 spargi
1844 1262 2042 1295 doctrinam
2068 1262 2105 1295 in

1117 1310 1268 1353 populo,
1297 1321 1375 1342 cum
1394 1310 1495 1353 pauci
1513 1317 1765 1344 convertantur
1787 1319 1820 1345 et
1843 1314 2031 1346 emendent
2052 1314 2105 1345 vi—

1115 1360 1185 1402 tia,
1221 1366 1285 1395 etc.
1348 1359 1417 1392 Hic
1439 1371 1528 1404 opus
1553 1367 1603 1394 est
1627 1362 1869 1395 consolatione
1893 1364 1977 1406 piis:
2015 1375 2104 1408 quos

1115 1407 1292 1443 Dominus
1323 1417 1443 1444 noster
1472 1410 1568 1444 Iesus
1592 1408 1752 1445 Christus
1781 1412 1828 1446 ita
1858 1413 2041 1446 confirmat
2072 1422 2104 1447 et

1114 1461 1318 1494 consolatur
1341 1462 1378 1494 in
1400 1459 1467 1494 hoc
1494 1468 1607 1503 textu,
1638 1462 1765 1496 iubens
1782 1469 1821 1496 ut
1840 1464 2001 1497 alacriter
2025 1476 2104 1508 per-

1113 1518 1198 1555 gant
1213 1512 1313 1555 fungi
1331 1512 1528 1545 ministerio
1546 1513 1802 1547 concionentur
1816 1515 1953 1560 reliquo
1977 1515 2105 1555 coetui,

1114 1563 1341 1608 quantumvis
1367 1563 1510 1606 exiguO,
1544 1575 1616 1596 non
1639 1564 1894 1598 deficientium:
1922 1577 1986 1599 nec
2005 1567 2102 1599 dese-

1113 1620 1193 1647 rant
1217 1614 1436 1647 vocationem
1460 1620 1605 1657 propter
1628 1615 1894 1648 multitudinem
1917 1628 2043 1649 canum
2069 1624 2102 1649 et

1113 1675 1320 1708 porcorum,
1353 1676 1417 1696 nec
1442 1665 1684 1698 deterreantur
1705 1672 1765 1699 aut
1790 1666 2003 1708 languefiant
2025 1668 2103 1699 ani-

1113 1714 1199 1755 mis,
1227 1714 1361 1747 etiamsi
1380 1714 1466 1748 tales
1482 1715 1612 1748 hestiae
1628 1716 1745 1749 nolint
1763 1716 1858 1764 ipsos
1874 1717 2013 1757 audire,
2041 1725 2099 1751 aut

1113 1772 1337 1810 perseverent
1357 1765 1394 1797 in
1419 1765 1611 1798 manifestis
1629 1767 1807 1800 erroribus
1832 1774 1937 1812 atque
1959 1768 2099 1801 sceleri—

1112 1817 1197 1855 bus,
1225 1817 1284 1850 sed
1302 1816 1467 1850 omittant
1485 1822 1517 1849 et
1534 1816 1738 1861 relinquant
1755 1829 1805 1852 ea.

1214 1866 1267 1900 De
1297 1867 1401 1901 tertio
1427 1878 1555 1909 genere
1580 1879 1682 1908 vero,
1724 1868 1906 1909 videlicet,
1951 1870 1993 1902 de
2019 1881 2099 1902 vere

1112 1918 1338 1952 credentibus
1363 1923 1398 1950 et
1422 1917 1504 1949 filiis
1519 1916 1604 1956 Dei,
1633 1924 1751 1961 postea
1766 1917 1944 1965 Dominus
1965 1920 2098 1964 inquit:

1111 1969 1219 2003 Pauci
1245 1968 1496 2012 ingrediuntur
1519 1979 1580 2012 per
1603 1976 1785 2012 angustam
1808 1976 1957 2013 portam.
2011 1970 2099 2003 Pro—

1111 2027 1188 2064 pter
1204 2017 1269 2053 hos
1286 2030 1432 2063 panem,
1458 2030 1519 2051 seu
1536 2026 1679 2063 propter
1694 2018 1756 2053 has
1773 2021 1941 2065 reliquias
1960 2033 2097 2054 necesse

1111 2078 1162 2105 est
1181 2071 1295 2115 spargi
1313 2070 1498 2102 salutarem
1516 2070 1713 2104 doctrinam
1726 2097 1734 2111 ,
1770 2071 1807 2103 in
1826 2069 1881 2104 his
1897 2072 1962 2106 erit
1979 2072 2097 2105 efficax

1111 2129 1144 2156 et
1158 2122 1366 2164 frugiferum
1390 2120 1644 2161 ministerium,
1673 2119 1726 2154 his
1750 2123 1946 2166 proderunt
1971 2123 2020 2156 tui
2047 2123 2096 2155 la-

1110 2173 1214 2206 bores
1245 2172 1281 2204 in
1311 2171 1529 2204 confessione
1560 2179 1593 2205 et
1625 2172 1875 2216 propagatione
1900 2170 2096 2216 Evangelii,

1110 2224 1203 2257 iuxta
1221 2223 1352 2256 dictum
1369 2219 1520 2262 Christi,
1550 2220 1698 2256 Iohann.
1719 2222 1792 2258 15.:
1822 2222 1863 2256 In
1882 2221 1948 2256 hoc
1963 2224 2095 2266 glorifi-

1110 2281 1208 2308 catur
1237 2280 1334 2318 pater
1362 2284 1480 2313 meus,
1521 2280 1558 2306 ut
1583 2274 1734 2307 fructum
1759 2274 1939 2318 copiosum
1964 2275 2094 2309 feratis,

1110 2324 1195 2360 Item
1213 2324 1314 2359 Pauli
1335 2326 1364 2359 1.
1381 2321 1544 2357 Corinth.
1564 2323 1635 2358 15.:
1666 2324 1782 2357 Labor
1797 2331 1910 2358 vester
1932 2337 2003 2358 non
2027 2326 2093 2358 erit

1109 2377 1224 2410 inanis
1244 2377 1280 2409 in
1300 2375 1466 2409 Domino.
1523 2374 1608 2407 ltem
1625 2372 1747 2407 Esaiae
1762 2375 1840 2411 55.:
1875 2375 1954 2410 Non
1974 2387 2091 2409 rever-

1108 2434 1200 2462 tetur
1216 2429 1363 2461 verbum
1389 2427 1430 2458 ad
1448 2437 1502 2457 me
1518 2437 1686 2465 vacuum,
1719 2428 1778 2459 sed
1796 2427 1897 2460 faciet
1915 2439 2091 2472 quaecun-

1108 2491 1175 2524 que
1193 2479 1300 2511 volni.
1354 2476 1412 2509 Sic
1429 2477 1464 2508 in
1483 2476 1648 2520 parabola
1664 2475 1790 2511 Maub.
1805 2478 1862 2512 15.
1882 2485 1915 2512 et
1931 2478 2046 2511 Lucae
2056 2477 2090 2513 8.

1106 2530 1149 2563 de
1181 2530 1393 2568 seminante,
1433 2539 1511 2570 pars
1541 2527 1683 2561 seminis
1716 2529 1824 2573 sparsi
1854 2529 2089 2563 conculcatur.

1106 2592 1184 2625 pars
1200 2581 1375 2624 abripitur
1397 2585 1429 2611 ct
1453 2579 1673 2613 consumitur
1695 2580 1816 2613 rostris
1836 2579 1974 2623 avium,
2010 2591 2088 2623 pars

1106 2632 1198 2666 inter
1213 2632 1331 2676 spinas
1355 2629 1559 2664 suffocatur:
1594 2638 1824 2664 veruntamen
1848 2631 1981 2676 reliqua
2008 2643 2088 2675 pars

1104 2683 1248 2717 seminis
1264 2681 1391 2716 incidit
1408 2680 1444 2712 in
1469 2687 1596 2715 terram
1621 2681 1769 2723 bonam,
1800 2689 1832 2716 et
1855 2683 1921 2717 fert
1946 2684 2085 2717 uberri-
