2409 2915
829 91 952 126 PHIL.
981 88 1096 126 MEL.
1125 89 1334 126 SCRIPTA
1355 88 1661 126 EXEGETICA.

239 184 484 230 indignatione
499 187 532 215 et
549 180 692 216 fremitu
710 180 877 212 adversus
891 177 1018 212 Deum.
1070 176 1226 211 Proinde
1251 182 1253 219 ἶ
1378 174 1474 210 Haec
1489 176 1607 210 omnia
1627 176 1663 209 in
1681 175 1785 209 nobis
1802 174 1904 208 initio
1916 174 2018 208 valde
2029 174 2258 208 suntinfirma

239 238 391 282 primum
418 233 623 266 mandatum
649 231 698 264 sic
721 230 908 275 praecipit:
945 228 1080 272 Diligas
1101 227 1225 262 Domi·
1252 226 1254 247 f
1277 233 1312 260 et
1333 226 1519 270 languida,
1544 227 1676 269 agnitio
1701 226 1832 266 nostri,
1860 237 1962 259 venis
1984 224 2088 258 dolor
2103 231 2136 258 et
2152 237 2260 268 pavor

241 300 325 321 num
348 287 466 319 Deum
486 291 588 317 tuum
611 295 652 316 ex
675 288 748 316 toto
773 282 880 315 corde
900 288 973 314 tuo.
1028 278 1115 313 Item
1139 279 1229 313 San-
1253 287 1255 308 ξ
1279 277 1422 310 intuens
1450 277 1539 310 iram
1564 276 1630 311 Dei
1661 279 1826 311 adversus
1844 283 2041 321 peccatum,
2072 275 2260 314 invocatio,

241 346 316 372 ctus
340 335 470 370 Paulus
494 334 543 368 ait
558 333 664 368 Rom.
684 333 758 368 10.:
785 331 901 366 Corde
927 330 1084 364 creditur
1108 331 1148 363 ad
1176 329 1230 361 iu·
1278 329 1383 368 fides,
1410 334 1445 361 et
1467 329 1648 362 conversio
1669 330 1710 361 ad
1729 328 1864 367 Deum,
1889 338 1949 361 seu
1973 326 2187 372 poenitentia
2206 326 2262 359 in-

242 389 393 425 stiuam,
422 397 483 419 ore
507 392 624 419 autem
649 383 820 418 confessio
844 383 881 415 fit
904 382 946 415 ad
973 382 1138 417 salutem,
1167 387 1230 413 etc.
1253 376 1257 417 ἶ
1280 377 1413 412 choans
1430 378 1622 412 novitatem
1637 379 1875 423 spiritualem:
1903 378 1960 411 sed
1977 384 2114 421 oportet
2130 389 2167 410 ea
2186 388 2262 409 ma-

241 438 288 473 Et
305 438 378 472 Ioel
394 440 432 473 2.
455 436 625 481 scriptum
649 441 715 468 est:
743 432 1005 468 Convertimini
1024 432 1066 465 ad
1087 444 1141 464 mc
1159 437 1231 463 toto
1281 430 1332 473 gis
1356 429 1537 474 magisque
1559 441 1728 467 crescere,
1753 429 1972 469 confirmari,
1999 428 2118 471 augeri
2137 434 2171 460 et
2186 439 2262 461 cor-

242 491 348 524 corde
371 496 507 529 vestro,
535 494 569 521 et
585 486 735 520 scindite
752 485 856 518 corda
877 490 1009 522 vestra,
1037 495 1110 516 non
1130 481 1233 515 vesti·
1256 484 1259 510 t
1281 480 1461 520 roborari,
1487 481 1576 514 sicut
1593 479 1704 514 Marci
1721 480 1756 515 9.
1778 480 1957 524 trepidans
1970 478 2074 512 Pater
2097 479 2188 511 veris
2206 489 2263 520 ge-

242 548 361 574 menta
377 546 503 574 vestra,
1256 519 1260 588 ξ
1282 531 1427 564 mitibus
1453 538 1484 564 ct
1501 531 1665 576 lacrymis
1681 538 1756 564 orat
1772 543 1808 563 se
1823 530 2041 569 confirmari,
2068 529 2263 563 clamitans:

345 598 508 643 Denique
539 594 625 629 haec
652 594 856 637 gravissima
887 592 1049 626 doctrina
1076 592 1118 624 de
1143 590 1234 623 veris
1257 589 1260 632 Ι
1282 581 1397 616 Credo
1419 580 1592 620 Domine,
1618 582 1675 614 sed
1701 593 1802 625 opem
1826 581 1879 614 ser
1901 581 2134 614 imbecillitati
2158 590 2265 614 meae.

245 659 279 685 et
296 650 524 683 «ardentibus
563 646 720 680 motibus
759 644 896 685 cordis,
955 643 1159 686 improbans
1196 652 1235 673 ac
1257 650 1261 699 ἱ
1284 631 1370 666 Item
1389 632 1426 667 S·
1443 632 1574 666 Paulus
1590 629 1745 676 Philipp.
1763 633 1798 666 3.
1822 632 1949 665 fatetur
1971 644 2007 666 se
2029 633 2186 665 nonduin
2205 642 2266 675 pe-

245 703 419 736 damnans
440 697 664 744 hypocrisin,
691 696 822 741 ubique
840 695 877 728 in
895 695 1002 727 verlio
1020 693 1085 726 Dei
1105 704 1235 737 propo-
1283 684 1380 718 nitus
1408 681 1732 727 eomprehessdi⁵se‚
1768 694 1831 716 ¹¹⁹0
1860 682 2051 726 Perfectum
2081 693 2171 720 esse,
2206 682 2264 714 sed

234 102 308 136 779
2185 89 2259 124 780

244 753 360 791 nitur,
389 758 421 785 et
437 750 575 783 assidue
593 748 772 792 repetitur.

350 810 418 844 Sed
446 808 539 843 dicat
564 807 712 852 aliquis:
747 803 804 840 Ah
827 805 1006 851 quomodo
1031 810 1152 847 potero
1176 813 1236 835 cor

248 874 364 896 meum
405 867 540 894 mutare
567 869 639 901 ¹seu
671 857 862 900 refingere?
902 854 1081 900 quomodo
1112 859 1236 897 potero

247 925 372 947 exuere
396 919 429 946 et
450 910 602 944 abiicere
628 915 787 942 conatam
812 905 1044 952 hypocrisin?
1079 911 1235 948 optarem

248 964 412 1009 equidem
438 968 472 995 et
494 970 717 1003 summopere
739 957 844 989 velim
872 956 1013 1001 penitus
1037 956 1160 988 ardere
1177 966 1238 988 cor

247 1018 364 1048 meum
388 1010 643 1055 fulgentissima
667 1010 744 1042 luce
768 1008 868 1046 fidei,
905 1014 937 1040 et
959 1006 1124 1040 incendio
1149 1018 1238 1050 quo-

247 1067 328 1099 dam
347 1062 546 1097 dilectionis
563 1071 642 1104 erga
659 1058 785 1093 Deum.
1145 1054 1152 1057 ⁷

352 1130 468 1164 lluius
505 1127 722 1173 quaestionis
757 1134 791 1160 et
818 1123 1026 1159 obiectionis
1054 1123 1237 1167 explicatio

250 1181 443 1216 necessaria
471 1187 532 1214 est.
584 1177 727 1212 Etenim
753 1177 834 1221 qnia
859 1187 962 1208 nemo
990 1172 1175 1207 hominum
1202 1174 1238 1206 iii

250 1234 315 1268 hac
332 1231 475 1266 mortali
491 1230 562 1264 vita
578 1235 677 1262 vacat
695 1227 894 1274 hypocrisi,
923 1233 956 1260 et
973 1225 1101 1268 singuli
1119 1237 1239 1258 sumus

251 1347 370 1372 votes,
406 1333 489 1367 satis
522 1331 688 1365 excitatos
712 1337 744 1363 et
768 1330 930 1362 ardentes
953 1333 1070 1359 motus
1091 1327 1241 1365 timoris,

251 1386 355 1424 fidei,
384 1383 603 1422 dilectioniS,
630 1382 724 1425 spei,
751 1380 902 1413 laetitiae
927 1378 963 1410 in
981 1376 1079 1416 Deo,
1107 1384 1144 1409 ut
1161 1389 1240 1409 sen-

253 1438 318 1471 tire
343 1435 556 1469 debebamus
572 1440 604 1467 et
621 1439 838 1477 optaremus:
866 1435 958 1462 certe
974 1428 1166 1472 plurimum
1186 1440 1242 1461 re-

252 1490 338 1527 fert,
370 1487 440 1519 imo
474 1495 612 1517 necesse
641 1489 711 1523 est,
746 1480 864 1515 doceri
889 1491 969 1519 iios,
1001 1490 1068 1523 qua
1094 1479 1241 1517 ratione,

254 1551 324 1584 quo
347 1537 491 1573 ordine,
529 1535 657 1579 quibus
680 1533 846 1576 gradibus
871 1538 904 1564 et
930 1529 1157 1562 incrementis
1181 1531 1242 1562 de-

253 1591 399 1622 beamus
430 1585 617 1631 proficere,
655 1590 808 1617 correcta
836 1588 869 1614 et
892 1580 1095 1620 emendata,
1130 1591 1243 1624 quan-

255 1648 328 1673 tum
354 1637 426 1671 fieri
453 1642 582 1681 potest,
612 1634 780 1667 interiore
798 1631 980 1676 pravitate.
1033 1629 1178 1664 Necesse
1194 1637 1243 1664 est

255 1697 369 1724 antem
401 1693 600 1732 expetentes
630 1686 818 1718 salutarem
845 1681 1146 1720 emendationem,
1184 1693 1243 1714 seu

256 1741 413 1774 volentes
434 1738 621 1783 proficere,
649 1737 802 1781 primum
829 1744 1036 1777 agnoscere,
1061 1733 1155 1777 quod
1178 1730 1245 1777 by.-

255 1791 403 1835 pocrisis
427 1789 524 1823 triste
549 1789 593 1822 sit
619 1793 817 1832 peccatum,
852 1797 890 1817 ac
916 1782 990 1817 Deo
1016 1795 1096 1816 vere
1120 1783 1246 1827 displi-

258 1854 356 1881 cens,
390 1841 557 1885 quodque
587 1839 677 1872 serio
701 1837 796 1872 Deus
827 1836 997 1868 irascatur
1027 1834 1185 1868 coecitati
1213 1841 1245 1867 et

259 1896 384 1933 ignavo
410 1891 531 1933 frigori
555 1896 757 1923 nostrorum
775 1887 953 1924 cordium,
980 1886 1074 1918 vetut
1094 1886 1128 1917 in
1149 1893 1245 1918 tene-

258 1944 346 1979 bris.
375 1941 552 1975 ruentium
571 1948 601 1973 et
619 1949 821 1972 aversorum
841 1937 883 1968 ab
903 1936 989 1979 ipso.

364 2008 403 2043 Et
429 2019 631 2052 quanquam
656 2003 739 2038 baec
766 2005 837 2048 ipsa
865 2002 1016 2045 agnitio,
1043 2003 1138 2035 unde
1161 2003 1246 2035 oriri

261 2060 422 2094 exercitia
447 2057 686 2102 poenitentiae
710 2062 866 2099 oportet,
893 2066 963 2086 non
989 2053 1152 2093 illustris,
1181 2054 1248 2087 ini-

261 2114 308 2147 tio
336 2111 557 2155 praesertim,
585 2109 642 2141 scd
665 2107 878 2140 subobscura
905 2113 936 2138 ct
960 2105 1061 2137 valde
1082 2105 1247 2147 languida
1269 2107 1273 2143 l

261 2172 306 2196 osi
321 2190 329 2204 ,

263 2215 360 2247 nium
380 2214 421 2244 ad
444 2212 630 2244 salutarem
651 2207 943 2242 emendationem.

263 2316 423 2359 amplecti
455 2314 600 2346 verbum
626 2311 710 2348 Dei„
746 2310 812 2345 sic.
848 2315 887 2342 ut
909 2308 1012 2341 simut
1039 2310 1250 2343 accendatur

264 2366 439 2399 invocatio
471 2364 675 2404 confugiens
708 2363 749 2394 ad
776 2359 909 2397 Deum,
944 2366 975 2391 et
1007 2367 1126 2403 petens
1151 2361 1248 2393 auxi—

264 2419 373 2455 linm,
408 2417 535 2451 robur.
568 2415 843 2448 incrementum,
871 2416 1011 2455 propter
1035 2411 1144 2443 filiurn
1173 2411 1249 2443 Mo-

262 2470 456 2505 diatnrein,
493 2464 687 2499 Dominum
721 2471 878 2496 nostruin
913 2461 1024 2494 lesuin
1058 2452 1273 2496 sturionum*

265 2519 314 2552 lta
338 2517 513 2552 Dominus
542 2517 654 2561 inquit
684 2512 814 2548 Manli.
833 2513 880 2547 7.:
919 2512 1028 2545 Petite
1052 2520 1080 2545 et
1109 2515 1250 2546 dabitur

265 2570 382 2606 iobis.
410 2568 526 2602 omnis
543 2569 602 2612 qni
622 2568 722 2611 petit,
751 2565 885 2609 accipit.
943 2563 1027 2598 lteni
1046 2563 1159 2597 Lucae
1177 2565 1187 2596 l
1204 2566 1247 2599 l.:
1272 2602 1273 2606 Ἰ

264 2622 406 2661 Quanto
430 2619 537 2659 magis
558 2618 659 2651 Pan-r
684 2617 842 2650 coelestis
863 2615 960 2650 dabit
978 2614 1152 2659 Spiritum
1171 2628 1248 2648 san-

261 2678 355 2705 ctum
374 2671 583 2714 petentibus.

1260 881 1263 900 l

250 1284 381 1318 infirmi
404 1294 443 1316 ac
466 1280 663 1321 immundi,
689 1291 753 1313 nec
778 1278 948 1312 sentimus
965 1277 1048 1309 satis
1067 1287 1162 1309 acres
1180 1289 1240 1319 pa-
1261 1266 1273 1996 x

1269 2077 1273 2103 1

1284 734 1446 779 persequi
1471 746 1506 767 se
1531 746 1570 768 ac
1588 734 1729 774 sectari,
1754 740 1794 767 ut
1812 739 2045 778 consequatur
2060 739 2092 767 et
2109 744 2268 776 compre-

1284 783 1416 819 hendat
1440 785 1499 818 illa
1524 786 1679 829 ingentia
1704 796 1764 817 seu
1784 783 1942 818 coelestia
1962 783 2074 824 bona,
2101 783 2269 828 quemad-

1285 837 1431 869 modum
1455 836 1528 880 ipse
1553 833 1828 879 comprehensus
1852 841 1885 868 et
1911 835 2087 878 explorate
2110 834 2270 877 cognitus

1286 887 1330 921 sit
1352 899 1370 920 a
1389 884 1544 921 Christo.
1588 885 1660 920 Nee
1676 885 1772 920 Deus
1794 883 1878 919 liaec
1902 885 2067 927 languida
2092 893 2124 919 et
2150 885 2269 918 tenuia

1285 938 1387 971 initia
1411 938 1487 971 vult
1510 937 1671 976 reiicere,
1703 938 1793 971 sicut
1818 937 1967 970 affirmat
1990 934 2118 970 Psalm.
2138 935 2188 970 8.:
2217 933 2271 968 Ex

1287 1001 1346 1022 ore
1370 989 1560 1022 infantium
1584 995 1616 1021 et
1639 988 1843 1021 lactentium
1866 999 1900 1020 se
1925 987 2045 1020 laudes
2063 998 2141 1019 suas
2158 985 2273 1031 perfe-

1286 1047 1436 1074 ctutum.
1492 1039 1578 1072 ltem
1590 1038 1721 1072 Paulus
1740 1039 1825 1073 dicit
1841 1049 2012 1083 expresse,
2034 1036 2186 1071 Roman.
2200 1035 2272 1072 14.:

1286 1091 1470 1124 Iufirmum
1488 1090 1525 1123 in
1544 1090 1611 1123 fide
1627 1090 1791 1123 assumite
1807 1101 1865 1123 seu
1884 1089 2043 1132 recipite,
2070 1087 2164 1121 Deus
2182 1088 2275 1120 enim

1287 1142 1388 1175 illum
1422 1141 1563 1185 recepit.
1624 1140 1729 1180 Item,
1766 1137 1920 1184 Philipp.
1934 1141 1982 1174 2:
2019 1138 2114 1172 Deus
2137 1147 2185 1172 est
2212 1137 2273 1182 qui

1288 1192 1395 1225 efficit
1417 1192 1453 1224 in
1479 1191 1596 1232 vobis,
1625 1198 1664 1224 ut
1688 1190 1803 1224 velitis
1821 1198 1854 1224 et
1872 1197 1909 1224 iit
1926 1191 2127 1234 perficiatis,
2156 1197 2192 1223 ut
2209 1189 2274 1234 ipsi

1287 1250 1384 1287 grata
1403 1243 1499 1277 fiant.

1390 1292 1493 1326 Hanc
1527 1292 1766 1327 dulcissimam
1801 1292 2077 1326 consolationem
2110 1299 2279 1336 perpetuo

1289 1352 1514 1381 mementote,
1543 1350 1576 1377 et
1594 1344 1720 1376 animis
1740 1344 1880 1377 infixam
1899 1343 2137 1377 circumferte:
2163 1355 2279 1387 quan-

1290 1397 1477 1439 docunque
1495 1402 1669 1427 cortuum
1686 1394 1786 1427 affert
1804 1392 1886 1427 hanc
1902 1394 2067 1427 salutaria
2086 1394 2186 1427 initia
2204 1394 2278 1438 pie-

1290 1447 1388 1486 tatis,
1415 1457 1475 1479 seu
1498 1445 1582 1477 boni
1608 1445 1798 1489 propositi.
1824 1452 1960 1479 tautum
1981 1452 2020 1478 ut
2038 1445 2140 1483 velit,
2168 1452 2201 1479 et
2216 1457 2277 1478 cu-

1290 1498 1362 1542 piat
1390 1496 1558 1541 obsequi,
1596 1504 1628 1529 et
1660 1503 1834 1539 praestare
1864 1507 1964 1528 veros
1993 1493 2146 1528 honores
2175 1501 2280 1540 atque

1291 1548 1406 1581 cultus
1437 1545 1533 1587 Deo,
1565 1557 1604 1579 ac
1637 1547 1834 1580 doctrinam
1867 1546 2050 1580 coelestem
2081 1552 2283 1580 reverenter

1291 1598 1452 1642 amplecti
1465 1624 1474 1637 ‚
1500 1604 1533 1631 et
1547 1597 1707 1630 assentiri
1726 1597 2022 1641 promissionibus
2040 1597 2194 1638 divinis,
2219 1608 2283 1631 nec

1292 1657 1329 1682 iit
1356 1647 1468 1682 hostis
1483 1648 1553 1681 Dei
1571 1659 1764 1691 repugnare
1781 1646 1855 1681 Deo
1872 1645 2025 1682 tralienti
2038 1675 2046 1686 ,
2073 1655 2158 1681 tunc
2173 1647 2282 1681 veris-

1292 1700 1378 1732 sime
1403 1698 1498 1732 Deus
1533 1700 1627 1731 adest
1660 1699 1743 1737 tibi,
1779 1711 1817 1731 ac
1846 1699 1919 1741 ipse
1942 1699 2016 1732 vult
2041 1699 2228 1732 efficaciter
2249 1706 2282 1732 te

1293 1750 1520 1787 confirmare,
1548 1761 1686 1791 regere,
1715 1746 1927 1792 provehere,
1955 1755 1994 1782 ut
2011 1749 2283 1793 perficiaturin-

1294 1799 1417 1835 choata
1444 1801 1481 1833 in
1508 1808 1539 1834 tc.
1561 1801 1674 1838 salus,
1702 1807 1740 1833 ut
1763 1799 1869 1833 facias
1894 1799 1960 1846 ipsi
1978 1808 2093 1842 grata,
2119 1806 2157 1833 ut
2174 1799 2284 1843 ipsius

1295 1851 1427 1894 agnitio
1453 1860 1483 1883 et
1508 1852 1568 1884 lux
1591 1850 1786 1893 spiritualis
1811 1850 1847 1883 in
1873 1857 1990 1883 mente
2009 1857 2067 1883 tua
2083 1851 2193 1893 magis
2210 1863 2282 1883 ma-

1295 1903 1415 1947 gisque
1437 1903 1665 1941 accendatur,
1700 1909 1829 1935 crescat
1854 1908 1885 1934 et
1911 1908 2087 1944 augeatur.
2140 1900 2211 1935 Nec
2235 1901 2282 1934 ir-

1297 1954 1361 1986 rita
1380 1960 1429 1986 est
1448 1953 1624 1986 invocatio
1644 1952 1791 1995 petentis
1807 1952 2006 1984 confirmari
2025 1958 2057 1985 et
2077 1952 2195 1993 augeri
2212 1952 2284 1986 ini-

1297 2005 1343 2038 tia
1361 2004 1448 2037 lucis
1465 2004 1628 2043 divinae,
1656 2011 1687 2037 et
1705 2003 1890 2045 languidae
1908 2003 1987 2035 fidei
2006 2002 2226 2036 scintillulas.

1399 2055 1577 2088 Hactenus
1604 2054 1786 2087 audivistis
1803 2054 1845 2086 de
1864 2054 1980 2097 priore
1998 2065 2117 2090 caiisa,
2144 2060 2288 2099 propter

1297 2118 1402 2151 qnam
1426 2104 1601 2139 Dominus
1631 2103 1688 2138 liic
1722 2105 1938 2137 iiiciitinncm
1965 2105 2044 2138 facit
2069 2105 2285 2138 discriminis

358 2170 474 2193 tamen
499 2167 549 2193 est
574 2159 714 2192 initium
739 2164 769 2190 et
794 2157 971 2200 quoddam
995 2156 1093 2199 quasi
1118 2144 1274 2212 tyrini-i
1300 2158 1392 2189 inter
1414 2154 1634 2202 hypocritas,
1663 2163 1693 2190 ct
1721 2168 1799 2188 vere
1824 2156 1900 2200 pios
1921 2168 1980 2189 scu
1999 2168 2078 2189 vere
2094 2157 2285 2193 credentes,

999 2208 1090 2247 Quia
1112 2219 1249 2240 necesse
1271 2215 1274 2231 ⁶
1299 2208 1478 2246 videlicet,

263 2276 309 2298 esi
339 2263 493 2303 singulos
517 2262 659 2299 audire,
687 2259 839 2301 cogitare
862 2270 899 2290 ac
926 2258 1023 2290 sii-nia
1048 2258 1248 2291 assensione
1271 2237 1274 2286 i

1514 2220 1558 2240 ne
1585 2208 1620 2240 iii
1648 2207 1833 2240 securitate
1858 2207 2008 2245 carn-ili,
2037 2207 2073 2239 in
2098 2205 2287 2251 liypocrisi,

1300 2259 1335 2291 in
1356 2259 1545 2304 Cyclopicn
1564 2259 1631 2292 Dei
1657 2265 1854 2296 contemtu,
1886 2266 1914 2289 ct
1942 2258 1976 2290 in
2003 2257 2174 2290 simulatis
2193 2258 2291 2291 dun·-

1301 2317 1390 2343 taxat
1417 2310 1572 2353 gestibus
1595 2322 1741 2353 operum
1767 2316 1990 2342 externorum
2012 2308 2286 2352 perses-eremus.

1299 2362 1357 2394 sed
1385 2369 1421 2393 iit
1447 2372 1567 2399 verns,
1596 2368 1625 2393 ct
1652 2360 1836 2393 interiores
1861 2359 1974 2392 cultus
1996 2358 2219 2393 inclinemus:
2246 2371 2286 2393 nc

1299 2412 1434 2446 etiamsi
1464 2418 1582 2446 manet
1615 2412 1798 2445 infirmitas
1830 2409 2012 2454 multiplex
2045 2417 2148 2455 atquc
2172 2410 2286 2453 pluri·

1300 2476 1395 2496 muni
1423 2463 1715 2505 imperfectionis,
1750 2473 1794 2493 ne
1820 2468 1934 2493 tarni-n
1961 2462 2069 2494 siuius
2094 2460 2194 2500 elati,
2226 2471 2283 2494 su-

1299 2514 1420 2557 perbi„
1460 2514 1661 2558 praefracti,
1704 2513 1898 2556 pertinaces
1925 2520 2029 2558 atque
2063 2519 2287 2546 contumaces

1300 2563 1515 2613 hypocritae.

1402 2615 1579 2649 Posterior
1596 2627 1696 2648 caiisa
1714 2614 1894 2647 concionis
1911 2612 2017 2649 liuius
2034 2612 2165 2647 adiecta
2183 2611 2285 2646 aDo-

1299 2667 1397 2701 mino
1422 2668 1511 2701 circa
1535 2667 1639 2700 finem
1657 2666 1799 2711 capitis,
1827 2672 1872 2699 est
1888 2692 1896 2705 ,
1922 2673 1959 2700 ut
1977 2664 2287 2699 commoni-fiamus
