2409 2915
95 106 167 141 333
619 103 704 139 XII.

95 199 230 226 coetum
248 203 386 236 semper
408 201 612 223 mansurum
638 201 730 229 esse,
759 189 848 222 sicut
871 189 975 222 dixit:
1005 188 1076 223 Ero
1101 187 1104 196 '

95 242 276 276 vobiscum
294 253 406 285 usque
422 241 464 274 ad
481 240 819 273 consummationem
837 240 944 272 seculi
964 247 1027 275 etc.
1099 235 1102 275 i

198 309 343 354 Semper
361 309 466 352 igitur
483 305 568 340 haec
585 308 655 341 duo
676 308 843 351 coniungi
861 320 998 341 necesse
1017 316 1077 348 est,
1100 292 1102 311 ἰ

95 360 291 394 doctrinam
307 360 349 392 de
365 370 484 398 cruce,
512 365 544 391 et
568 359 611 391 de
636 359 887 394 consolatione.
943 358 1073 392 Verum

97 417 146 444 est
174 409 364 444 Ecclesiam
389 408 582 442 subiectam
607 420 677 442 esse
700 409 814 450 cruci,
854 416 891 442 ut
916 407 1077 443 Christus

97 461 226 506 inquit:
254 459 326 502 Qui
349 460 425 493 vult
446 472 500 492 me
524 459 642 504 sequi,
676 460 776 494 tollat
802 472 938 493 crucem
963 473 1072 493 suam.

95 511 139 545 Et
166 510 330 544 leremiae
356 511 431 546 12:
474 509 564 543 Dedi
591 510 755 544 dilectam
781 510 933 543 animam
961 523 1072 544 meam

96 563 131 594 in
149 572 274 594 manus
291 561 517 593 inimicorum
545 560 630 596 eius.
673 560 720 595 Et
746 568 862 595 tamen
887 574 964 595 cum
991 561 1073 594 velit

94 611 188 645 Deus
208 623 349 644 manere
366 610 580 651 Ecclesiam,
608 624 695 656 quae
713 619 826 645 tamen
845 612 918 645 sine
943 612 1073 656 praesi-

95 663 161 695 diis
176 660 341 695 humanis
357 669 426 701 est,
453 662 526 705 ipse
544 663 708 706 proponit
726 663 983 696 consolationes
999 674 1073 696 am-

95 713 267 756 plissimas
284 721 316 746 et
332 713 570 751 dulcissimas,
597 714 639 746 de
656 713 879 753 defensione,
907 716 949 746 de
968 714 1074 752 victu,

95 765 137 796 (Ιε
162 776 261 807 pace,
296 764 338 796 de
365 763 580 797 successibus
604 764 641 796 in
666 764 795 798 nostris
821 764 1074 801 functionibus,

95 814 354 851 ecclesiasticis,
382 814 556 858 politicis,
585 809 832 848 oecono‘micis.

196 880 241 915 Et
257 881 496 924 intelligamus
514 882 783 925 promissiones,
803 889 839 914 ut
857 888 994 919 sonant,
1013 892 1074 912 nec

93 931 299 976 affingamus
330 933 545 976 corruptelas
578 939 610 965 et
646 933 782 976 ineptas
814 930 1072 975 interpretatio-

96 995 176 1024 nes,
204 990 241 1017 ut
258 983 358 1016 multi
379 983 487 1027 inepti
506 984 542 1015 in
560 984 761 1030 precatione
778 983 921 1022 usitata,
948 993 1072 1026 panem

95 1041 254 1067 nostrum
271 1033 540 1078 quotidianum,
555 1041 673 1067 vetant
688 1034 837 1076 intelligi
854 1045 978 1077 panem
998 1044 1072 1064 cor-

96 1085 270 1127 poralem,
303 1084 374 1116 imo
401 1085 443 1116 de
467 1085 639 1128 corporali
664 1096 771 1128 pane,
806 1086 848 1117 (le
872 1083 1075 1116 defensione

94 1133 199 1168 huius
215 1135 323 1173 vitae,
353 1141 384 1167 et
402 1135 446 1167 de
461 1136 715 1177 gubernatione
732 1135 891 1179 loquitur
903 1162 911 1174 ‚
939 1140 971 1166 et
993 1133 1072 1177 qui-

93 1190 171 1219 dem
192 1185 392 1229 suppeditat
410 1182 493 1218 haec
513 1187 604 1218 bona
622 1185 737 1226 Deus,
764 1193 798 1219 et
814 1185 963 1227 largitur
981 1183 1073 1216 iuxta

94 1247 172 1270 suas
191 1235 452 1279 promissiones-

195 1294 269 1327 Cur
285 1294 395 1336 igitur
411 1305 482 1326 non
500 1293 715 1336 respondent
734 1293 901 1326 eventus?
929 1292 1003 1325 Imo
1021 1303 1073 1323 re-

95 1345 286 1389 spondent,
326 1343 378 1377 Ac
397 1344 549 1386 primurn
574 1344 616 1375 de
641 1350 715 1377 toto
737 1355 883 1387 corpore
897 1341 1074 1376 Ecclesiae

95 1395 340 1438 intelligantur
355 1394 627 1437 promissiones,
656 1392 702 1427 Ut
719 1394 755 1426 in
773 1394 861 1426 mari
879 1395 1008 1433 rubro,
1026 1392 1074 1426 sic

95 1447 185 1480 inter
200 1445 324 1479 mundi
342 1445 565 1490 tyrannideS‚
594 1451 626 1478 et
651 1445 787 1478 furores
811 1444 962 1484 diaboli,
989 1443 1073 1476 assi-

94 1498 161 1531 due
180 1495 274 1530 Deus
296 1495 487 1529 Ecclesiam
512 1502 625 1529 servat
649 1496 685 1528 in
711 1493 775 1528 hac
799 1495 881 1530 vita.
934 1493 1074 1538 Perspi-

95 1559 196 1581 cuum
215 1553 266 1580 est
281 1547 389 1589 igitur
405 1547 448 1579 de
466 1553 538 1580 toto
553 1558 699 1590 corpore
708 1544 884 1579 Ecclesiae
901 1552 992 1579 ratas
1003 1556 1074 1577 esse

96 1597 356 1643 promissiones.
417 1596 564 1641 Semper
598 1597 691 1630 enim
723 1604 881 1630 servatur
907 1594 1074 1633 Ecclesia,

95 1656 126 1682 et
143 1661 207 1681 nos
223 1648 260 1681 in
277 1647 539 1692 precationibus
555 1648 683 1680 nostris
695 1674 704 1687 ,
731 1648 884 1690 primum
913 1659 976 1690 pro
1003 1652 1075 1678 toto

95 1711 241 1743 corpore
257 1705 433 1742 petamus,
467 1705 499 1731 et
523 1705 616 1731 certo
640 1705 831 1731 statuamus
857 1709 931 1730 eam
959 1708 1077 1740 preca-

96 1751 226 1786 tionem
245 1761 318 1782 non
334 1760 406 1782 esse
424 1748 573 1783 irritam.

454 1846 510 1870 De
546 1845 723 1870 tertio.

198 1898 272 1934 Cur
301 1897 552 1943 promissiones
583 1897 783 1940 corporales
816 1897 964 1929 traditae
995 1897 1077 1929 sint.

98 1951 216 1986 Prima
250 1961 351 1983 causa
384 1946 468 1982 haec
498 1955 562 1981 est:
599 1946 702 1980 Mens
724 1945 876 1980 humana
901 1947 976 1980 sine
1000 1947 1077 1979 luce

97 2002 176 2036 fidei
194 2001 341 2044 cogitat,
363 2006 422 2033 aut
445 2010 526 2032 casu
549 1998 716 2032 ditescere
739 1996 919 2039 homines,
951 2005 989 2031 ut
1006 1997 1074 2043 Py-

97 2051 211 2087 thium
229 2064 269 2084 ex
285 2050 384 2083 venis
401 2049 604 2089 metallicis,
621 2055 680 2082 aut
696 2049 868 2082 industria
880 2076 888 2088 ,
910 2060 970 2082 sen
988 2049 1075 2081 iusta

98 2115 159 2137 seu
175 2101 322 2141 iniusta,
348 2112 411 2133 nec
434 2099 582 2134 firmiter
604 2101 725 2134 statuit
750 2101 870 2145 aliquo
885 2098 950 2132 Dei
972 2111 1076 2143 opere

98 2153 202 2187 nobis
228 2151 367 2190 offerri,
399 2151 540 2183 defendi
565 2158 598 2184 et
621 2151 739 2194 augeri
764 2151 956 2184 facultates.
1013 2149 1078 2181 vi-

99 2206 155 2238 det
171 2202 265 2236 enim
282 2201 410 2235 multos
425 2212 577 2234 crescere
594 2202 774 2245 peculatu,
802 2209 834 2235 et
854 2202 958 2234 variis
982 2201 1078 2234 frau-

101 2255 222 2293 dibus,
250 2259 289 2286 ut
306 2250 482 2285 Crassum.

200 2310 277 2346 Etsi
291 2318 406 2344 autem
425 2310 509 2344 sinit
528 2309 623 2344 Deus
639 2310 787 2353 grassari
805 2310 897 2343 fores
923 2317 955 2343 et
978 2321 1078 2348 prae-

100 2365 208 2398 dones
223 2362 362 2407 publice
378 2368 411 2395 et
428 2362 592 2405 privatim
611 2361 837 2406 aliquandiu,
866 2368 981 2394 tamen
1001 2367 1078 2393 tan-

100 2417 178 2448 dem
197 2414 324 2446 excutit
341 2424 398 2445 eos
414 2424 454 2445 ex
470 2413 639 2453 fortunis,
656 2419 693 2444 ut
711 2419 854 2445 testetur
871 2423 905 2443 se
924 2424 995 2443 nou
1017 2424 1077 2443 ne-

100 2465 227 2509 gligere
247 2464 451 2496 facultatum
469 2463 810 2502 administrationes,
845 2469 904 2494 aut
929 2462 1079 2506 acquisi-

102 2516 232 2555 tiones,
258 2515 336 2547 ideo
353 2514 484 2546 dictum
501 2521 570 2547 est:
603 2513 673 2547 Vae
691 2514 750 2558 qui
775 2513 970 2556 praeclaris,
996 2513 1077 2557 quia

103 2566 253 2599 vicissim
286 2564 502 2608 spoliaberis.
562 2563 608 2598 Et
641 2565 684 2596 ab
708 2564 920 2608 experientia
947 2563 1078 2596 «lictum

104 2616 190 2649 illud
211 2623 326 2649 ortum
343 2622 408 2648 est:
439 2614 534 2647 Male
550 2621 706 2659 partum,
735 2615 824 2647 male
842 2614 996 2657 disperit.
1034 2612 1080 2647 Et

106 2664 270 2711 Pythium
296 2665 396 2698 illum
420 2665 562 2698 divitem
587 2666 677 2698 same
703 2666 844 2709 periisse
875 2666 1017 2705 dicunt,
1048 2672 1080 2698 et
1104 2698 1108 2706 Δ

757 103 821 138 AN
828 100 929 137 NOT
937 100 1058 138 AT10
1065 98 1154 138 NES
1197 98 1245 134 IN
1287 97 1583 139 E‘VANGELIA.

2037 104 2110 142 334

1130 195 1234 227 quam
1255 185 1464 220 miserabilis
1484 190 1587 222 suerit
1612 189 1723 222 exitus
1746 189 1880 229 Crassi,
1914 191 2047 233 legatur
2072 191 2108 223 in

1129 234 1202 266 eius
1221 234 1378 275 historia,

1230 285 1367 318 Rursus
1386 287 1488 319 etiam
1509 289 1651 322 tradidit
1670 288 1763 323 Dens
1783 292 2032 334 promissiones
2053 293 2106 324 iu-

1127 334 1204 374 stis,
1233 342 1269 368 ut
1289 348 1368 368 vere
1387 343 1540 371 statuant
1566 337 1648 372 haec
1676 340 1766 373 bona
1792 354 1863 375 non
1887 343 1989 375 obiici
2017 354 2106 380 casu.

1128 397 1190 417 nec
1205 387 1320 428 parari
1339 394 1474 420 tantum
1493 386 1647 422 humana
1666 390 1850 425 industria.
1888 394 2100 437 Quanquam

1127 435 1219 468 enim
1236 435 1331 470 Deus
1352 438 1425 471 vult
1444 439 1603 472 laborare
1619 452 1759 481 omnes,
1796 450 1831 474 ut
1858 456 2030 487 quemque
2053 444 2106 475 iu-

1127 487 1184 520 bet
1201 488 1356 527 vocatio,
1382 495 1414 521 et
1442 490 1512 522 vult
1536 491 1657 523 labore
1685 488 1831 523 honesto
1861 505 1911 525 res
1938 493 2048 535 parari
2075 500 2105 526 et

1128 537 1288 576 retineri,
1318 550 1389 570 non
1417 541 1490 572 vult
1521 542 1783 583 profusionibus
1809 543 1991 585 dissipari,
2018 544 2106 575 sicut

1126 587 1256 620 dicitur
1286 589 1321 620 in
1348 590 1557 631 Salomone,
1593 593 1832 625 Substantiam
1861 602 1954 625 tuam
1982 606 2025 625 ne
2048 594 2107 625 (les

1127 638 1276 671 crudeli:
1312 647 1428 672 tamen
1459 641 1601 674 interim
1621 643 1694 675 vult
1711 655 1775 676 nos
1803 644 1907 684 scire,
1936 642 2025 677 lianc
2051 644 2107 675 (li-

1126 689 1305 731 ligentiam
1339 691 1448 722 solam
1479 704 1551 724 non
1582 693 1716 725 adferre
1748 694 1940 727 facultates.
2009 693 2107 727 Sicut

1125 739 1296 781 agricolae
1313 740 1413 773 labor
1428 742 1523 774 solus
1542 755 1615 775 non
1638 744 1748 786 gignit
1772 745 1905 786 fruges,
1939 746 1996 777 sed
2024 744 2106 788 quia

1125 789 1218 823 Deus
1237 791 1423 824 foecundat
1442 799 1586 833 terram,
1613 794 1843 837 proveniunt,
1872 803 1903 828 et
1923 795 2021 828 sicuti
2048 807 2107 826 ex-

1125 841 1251 873 ercitus
1266 841 1366 874 labor
1384 854 1455 875 non
1474 844 1586 876 solum
1606 845 1697 888 parit
1724 845 1922 882 victoriam,
1958 847 2014 876 sed
2044 857 2107 876 ne-

1125 903 1215 923 cesse
1230 900 1278 924 est
1299 894 1460 925 accedere
1477 895 1646 927 auxilium
1676 895 1857 932 divinum,
1893 896 1992 928 sit-nti
2020 895 2106 927 ‹lici-

1125 949 1197 974 tnr:
1227 941 1344 974 Fallax
1369 956 1478 987 equus
1500 947 1541 977 ad
1564 946 1709 979 salutem
1734 952 1792 980 est.
1847 946 1891 979 lta
1919 947 1997 990 qnia
2014 944 2108 977 Dens

1126 992 1274 1024 fideliter
1307 995 1470 1026 servienti
1503 996 1537 1026 in
1571 997 1752 1029 vocatione
1782 997 1891 1034 favet,
1927 997 2106 1029 facultates

1124 1054 1187 1075 sua
1205 1043 1363 1075 bonitate
1382 1042 1555 1087 provehit.

1227 1093 1267 1126 ln
1289 1091 1378 1126 hanc
1404 1096 1610 1129 sententiam
1636 1096 1720 1129 dicit
1739 1096 1924 1130 Salomon:
1953 1096 2107 1129 Benedi-

1126 1144 1194 1176 ctio
1210 1142 1353 1176 Domini
1373 1146 1497 1178 divites
1522 1148 1613 1181 facit.
1667 1146 1711 1180 Et
1736 1146 1850 1180 David
1881 1149 1908 1180 l.
1936 1147 2019 1189 l'teg.
2049 1146 2107 1181 17.

1126 1195 1220 1227 Sciat
1237 1195 1398 1228 universa
1415 1195 1569 1229 Ecclesia
1588 1195 1689 1237 haec,
1717 1199 1810 1242 quod
1831 1210 1904 1231 non
1930 1199 1964 1230 in
1990 1197 2107 1239 gladio

1126 1245 1235 1277 salvat
1255 1244 1448 1286 Dominus,
1477 1247 1585 1290 ipsius
1604 1256 1652 1280 est
1671 1249 1763 1280 enim
1781 1249 1923 1283 bellum.
1979 1248 2058 1280 Ideo
2076 1254 2108 1279 et

1126 1296 1303 1327 interdum
1329 1297 1483 1339 exempla
1509 1299 1691 1341 proponit,
1732 1299 1792 1330 ubi
1818 1299 1889 1331 sine
1917 1299 2028 1331 causis
2055 1310 2107 1330 se-

1125 1345 1248 1377 cundis
1280 1354 1382 1387 auget
1407 1359 1482 1390 reS,
1519 1356 1556 1382 ut
1581 1350 1674 1392 pavit
1698 1350 1838 1381 viduam
1865 1350 2108 1392 Sareptanam,

1125 1395 1220 1439 pavit
1238 1397 1408 1439 populum
1426 1398 1463 1430 iu
1480 1399 1634 1440 deserto,
1662 1400 1757 1432 dedit
1776 1398 1869 1432 Isaac
1894 1400 2108 1442 centuplum,

1124 1458 1202 1479 cum
1219 1447 1255 1478 in
1272 1447 1349 1480 aliis
1368 1449 1457 1491 agris
1474 1462 1545 1482 non
1563 1450 1763 1493 proveniret
1780 1457 1927 1483 tantum.
1963 1448 2009 1482 Et
2026 1455 2108 1482 suut

1124 1497 1329 1541 quotidiana
1357 1501 1511 1543 exempla
1538 1501 1573 1533 in
1600 1501 1740 1533 familiis
1764 1501 1848 1544 piis,
1886 1513 1972 1545 quae
2007 1511 2108 1543 expe-

1125 1549 1267 1581 riuntur
1280 1549 1347 1581 sibi
1363 1551 1532 1584 dixinitus
1551 1552 1669 1584 offerri
1687 1552 1918 1590 accessiones,
1945 1558 2002 1583 aut
2019 1557 2108 1582 certe

1127 1599 1267 1631 defendi
1289 1611 1368 1632 suas
1393 1613 1464 1641 reS‚
1499 1602 1632 1634 etiamsi
1656 1603 1773 1647 aliqua
1801 1603 2029 1638 detrimenta,
2059 1601 2108 1631 ia-

1127 1657 1244 1682 cturae
1275 1656 1308 1682 et
1341 1663 1528 1683 aerumnae
1561 1653 1812 1686 interveniunt.
1874 1651 1961 1684 Nam
1994 1659 2029 1683 ut
2053 1650 2107 1682 ‹li-

1128 1706 1220 1732 ctum
1239 1707 1306 1732 est:
1336 1701 1486 1734 Ecclesia
1509 1702 1612 1734 sinml
1631 1703 1784 1735 subiecta
1803 1709 1854 1735 est
1874 1701 1979 1735 cruci.

1229 1749 1324 1783 Haec
1343 1752 1516 1794 infigenda
1533 1760 1615 1785 sunt
1630 1753 1767 1791 animo,
1794 1759 1831 1785 ut
1848 1752 2023 1785 discamus
2049 1762 2105 1783 ar-

1128 1800 1275 1833 ticulum
1307 1803 1348 1834 de
1376 1803 1579 1840 creatione,
1614 1804 1795 1835 credamus
1828 1803 2007 1835 facultates
2040 1799 2104 1834 Dei

1131 1851 1294 1883 beneficia
1313 1864 1403 1889 esse,
1433 1861 1471 1886 ut
1487 1864 1566 1885 vere
1584 1854 1753 1895 possimus
1772 1866 1788 1885 a
1808 1852 1883 1885 Deo
1903 1859 2016 1896 petere
2046 1864 2105 1894 pa—

1130 1913 1207 1933 nem
1241 1903 1502 1945 quotidianum.
1571 1903 1657 1936 Nam
1689 1904 1749 1948 qui
1775 1916 1846 1936 nou
1870 1904 2018 1936 credunt
2043 1901 2106 1934 Dei

1130 1964 1274 1984 monera
1295 1952 1378 1986 haec
1396 1965 1487 1994 esse,
1517 1954 1631 1987 ociose
1649 1952 1732 1987 baec
1752 1956 1856 1987 verba
1879 1953 2045 1992 recitant,
2075 1960 2108 1984 ct

1128 2003 1240 2036 Deum
1259 2005 1470 2037 contumelia
1486 2005 1662 2039 adficiunt.
1708 2005 1778 2038 lam
1796 2005 1986 2047 cogitemus
2002 2015 2108 2048 quam

1129 2055 1225 2098 pauci
1253 2056 1306 2098 pie
1329 2057 1475 2088 recitant
1499 2053 1582 2089 haec
1608 2056 1729 2088 verba:
1772 2055 1903 2088 Panem
1930 2053 2109 2099 quotidia-

1128 2116 1212 2137 num
1229 2107 1272 2138 da
1289 2106 1390 2138 nobis
1412 2104 1528 2141 hodie.
1583 2105 1669 2139 Nam
1687 2107 1776 2139 alius
1792 2107 1909 2149 fingit,
1932 2104 2006 2138 Deo
2026 2101 2109 2136 haec

1129 2167 1200 2188 non
1226 2168 1297 2189 esse
1321 2169 1442 2197 curae,
1477 2158 1565 2190 alius
1592 2158 1719 2200 cogitat
1747 2169 1781 2189 sc
1806 2157 1991 2197 indignum
2023 2165 2109 2192 ease,

1128 2208 1193 2239 sibi
1211 2215 1302 2241 certe
1320 2221 1389 2240 nou
1413 2208 1488 2240 (lari
1518 2206 1601 2241 liaec
1624 2219 1769 2240 munera
1794 2220 1811 2239 a
1832 2206 1924 2245 Deo,
1957 2206 2110 2249 (lenique

1131 2270 1274 2301 magnae
1298 2266 1379 2291 sunt
1406 2260 1568 2291 tenebrae
1595 2260 1629 2291 in
1657 2259 1802 2298 animis,
1837 2268 1922 2302 quas
1946 2268 2006 2300 per
2031 2267 2110 2288 vcr—

1130 2311 1213 2342 bum
1232 2309 1297 2342 Dei
1316 2310 1390 2342 tolli
1413 2316 1559 2353 oportet.

1230 2361 1351 2394 Altera
1369 2372 1469 2393 causa
1493 2367 1558 2400 est,
1593 2371 1653 2392 cur
1678 2356 1742 2391 hae
1769 2358 2016 2402 promissiones
2040 2363 2108 2388 tra-

1130 2411 1224 2444 ditae
1248 2411 1328 2446 sint.
1388 2411 1477 2444 Cum
1504 2410 1598 2443 Deus
1625 2410 1706 2442 velit
1735 2410 1769 2441 in
1794 2407 1858 2442 liac
1885 2409 1952 2440 xit..
1976 2417 2111 2449 semper

1131 2462 1284 2506 aliquam
1317 2474 1388 2494 esse
1423 2474 1519 2493 suam
1548 2460 1756 2500 Ecclesiam,
1790 2471 1875 2502 opos
1901 2465 1948 2490 est
1973 2455 2111 2500 corpori

1131 2513 1242 2553 victu,
1289 2511 1462 2555 bospitio,
1496 2512 1719 2549 ‹ief.·nsi0n··‚
1756 2510 1906 2553 polinis,
1943 2520 2023 2551 pace
2047 2507 2111 2538 ali-

1131 2575 1218 2608 qua,
1254 2571 1291 2597 nt
1317 2563 1459 2595 educari
1486 2564 1639 2601 soboles,
1675 2568 1705 2593 et
1734 2561 1798 2593 coli
1826 2560 1938 2592 studia
1965 2557 2110 2603 possint.

1132 2613 1213 2647 ldeo
1233 2622 1266 2648 et
1283 2614 1418 2647 addidit
1438 2612 1498 2645 lias
1522 2613 1788 2656 promissiones,
1815 2618 1845 2643 vt
1874 2608 1955 2642 ban-c
1982 2608 2113 2641 benefi-

1132 2665 1182 2698 cia
1203 2672 1353 2709 praestat
1370 2663 1483 2700 Deus,
1513 2665 1569 2695 sed
1591 2662 1808 2694 mirabiliter.
1859 2662 2004 2704 Smrp--r
2020 2670 2114 2702 gras-
