2409 2915
61 0 81 64 ,ι

59 87 79 136 μ’

71 389 73 400 ⁴
129 385 196 417 dex
215 385 354 418 tandem
379 381 482 415 faciat
507 381 671 416 officium.

58 432 72 466 :³
129 432 261 475 Petite,
289 440 323 467 et
349 431 537 480 accipietis.
589 431 628 465 Si
660 429 822 465 homines
852 439 998 477 possunt
1030 434 1114 467 dare
1138 451 1140 454 .

59 495 71 518 .¹
129 484 222 518 bona
240 481 462 522 hominibus,
490 489 620 527 quanto
637 482 748 525 magis
763 490 861 527 pater
877 483 1034 517 coelestis
1049 484 1112 517 da-

68 542 69 571 }
128 534 182 568 bit
197 533 368 577 Spiritum
387 539 544 566 sanctum
568 533 793 577 petentibus?
844 532 945 566 Hanc
968 534 1112 577 castiga-

59 594 69 626 .;
125 585 258 620 tionem
274 583 434 627 ignaviae
453 589 603 622 nostrae,
623 590 657 617 et
671 581 953 617 adhortationem
969 582 1112 625 Christi,

66 635 68 642 ⁸
124 634 313 677 diligenter
328 634 432 667 nobis
450 645 698 677 proponamus,
722 641 754 668 et
770 645 834 667 nos
851 635 1038 668 excitemus
1056 632 1110 668 his

135 97 207 134 601
674 95 755 130 ΧΠ.

74 179 77 199 ⁴
132 189 208 217 tum
225 193 365 216 munus.
414 180 515 215 Hanc
530 186 685 214 nostram
704 179 942 213 infirmitatem
963 180 1116 224 primum

131 243 380 275 agnoscamus,
406 242 606 266 accusemus
621 236 654 264 et
670 230 913 274 deploremus,
939 231 1028 265 sicut
1041 229 1118 265 Lu-

72 290 75 312 1
131 295 192 317 cae
213 284 268 316 11.
292 283 433 325 castigat
460 278 621 315 Christus
644 277 735 313 hanc
759 280 964 323 seg-uidem,
990 282 1052 315 ubi
1079 282 1118 316 fit

131 334 264 367 mentio
282 335 324 367 de
341 333 465 371 vidua,
490 343 580 375 quae
596 331 799 364 assiduitate
822 331 975 375 perficit,
1002 339 1039 366 ut
1059 332 1116 365 iu-

725 379 797 415 Ubi
819 382 918 415 addit
939 379 1114 417 Christus:

122 684 326 728 ingentibus
349 678 658 730 promissionibus.
686 691 719 718 et
741 684 915 718 discamus
938 685 1110 728 magnifa-

123 746 200 768 cere
216 746 355 771 munus.

225 792 296 828 Sed
330 793 378 828 ita
414 801 482 835 est,
517 794 671 828 mundus
699 806 772 827 non
808 793 907 827 novit
934 792 1107 840 Spiritum

124 851 301 885 sanctum,
326 844 415 878 sicut
431 842 489 878 hic
507 845 544 877 in
566 850 661 878 textu
679 845 825 883 dicitur,
853 844 934 888 quia
952 856 1024 876 non
1042 856 1107 876 no-

122 895 177 929 vit
199 892 393 929 Christum.
447 892 482 928 O
504 895 640 929 tristem
672 906 812 933 vocem,
847 894 1006 928 Mundus
1032 906 1105 927 non

120 945 223 979 novit
238 944 410 989 Spiritum
427 952 597 986 sanctum,
615 945 696 990 quia
715 957 787 978 non
803 945 901 978 novit
916 943 1106 979 Christum.

119 993 197 1029 Imo
219 997 373 1029 mundus
396 1003 455 1029 aut
479 996 636 1037 deridet,
663 1003 722 1028 aut
745 995 966 1040 persequitur
991 994 1105 1042 Spiri-

121 1052 197 1080 tum
213 1052 386 1079 sanctum.
439 1045 589 1078 Plurimi
617 1052 790 1090 quaerunt
814 1057 916 1089 opes,
943 1045 1103 1089 volupta-

121 1105 191 1134 te5‚
219 1107 284 1129 nec
300 1095 530 1143 experiuntur
546 1095 698 1139 Spiritus
716 1096 825 1129 sancti
845 1095 988 1128 auxilia.
1037 1094 1105 1128 Pa—

119 1146 230 1191 pistae
248 1147 371 1179 volunt
386 1146 475 1179 tueri
492 1157 590 1179 suam
608 1147 842 1185 autoritatem,
866 1145 1104 1178 idololatricos

119 1195 252 1236 cultus,
276 1207 422 1240 pompas
446 1208 603 1240 operum.
657 1196 736 1229 Non
761 1196 964 1238 intelligunt
986 1207 1102 1228 veram

119 1245 306 1287 iusticiam,
323 1253 355 1280 et
373 1259 488 1279 veram
506 1247 778 1283 invocationem,
797 1246 867 1278 imo
884 1257 1103 1290 persequun-

118 1303 193 1330 tur:
232 1297 311 1329 ideo
343 1308 407 1329 nec
429 1296 619 1338 Spiritum,
655 1308 717 1329 nec
748 1293 927 1328 Christum
956 1303 1101 1329 norunt.

118 1345 188 1380 Sed
208 1352 321 1380 textus
342 1345 457 1379 addit:

207 1417 268 1449 roe
290 1420 399 1448 autem
422 1416 600 1459 aquo-scitis
622 1415 789 1457 Spiritum
811 1418 973 1448 sunctum.

217 1485 286 1519 llic
308 1486 431 1518 demus
454 1495 616 1527 operam,
644 1490 683 1517 ut
705 1490 738 1517 et
756 1495 819 1517 nos
845 1484 953 1518 simus
977 1497 1016 1518 ex
1034 1482 1100 1519 hoc

114 1547 265 1570 numero
281 1535 558 1578 agnoscentium.
610 1533 881 1568 Consideremus
900 1535 1007 1578 igitur
1022 1548 1099 1569 ver-

114 1588 159 1621 ba
175 1593 288 1621 textus
298 1599 304 1618 :

159 1667 227 1710 1390
250 1666 369 1709 royabo
390 1668 537 1707 patrem,
559 1667 592 1738 Ξῖ
614 1664 718 1737 αἷξυηι
739 1665 944 1706 paracletum
967 1665 1057 1697 dabit

522 1717 558 1738 vo
582 1717 610 1737 ιε
632 1718 648 1737 e
664 1718 689 1738 c.

215 1771 268 1806 Ne
290 1772 399 1806 simus
422 1769 570 1815 prolixi,
606 1769 688 1814 quia
715 1780 819 1802 nemo
844 1769 886 1802 de
916 1767 970 1802 his
995 1770 1098 1803 rebus
1123 1795 1125 1799 .

114 1822 197 1858 satis
212 1823 328 1856 dicere
346 1827 479 1865 potest,
505 1821 564 1853 sed
584 1820 632 1864 pii
656 1820 773 1854 audita
791 1820 846 1852 vel
870 1820 956 1853 lecta
981 1821 1098 1866 aliqua

113 1873 174 1908 tali
193 1880 289 1918 parte
306 1871 510 1915 Evangelii,
547 1877 619 1904 toto
638 1871 694 1904 die
711 1870 872 1903 meditari
891 1877 924 1904 et
946 1871 1096 1904 circum-

113 1925 204 1958 ferre
236 1923 356 1957 animo
387 1922 524 1955 debent.
575 1919 653 1954 Hoc
684 1927 735 1955 est
764 1921 939 1954 celebrare
968 1922 1095 1955 sestum

114 1975 228 2016 diem,
254 1980 287 2008 et
305 1971 369 2006 hac
387 1972 616 2006 meditatione
640 1971 827 2015 proficiunt
843 1972 892 2015 pii
910 1972 1096 2006 auditores.
1120 1979 1122 2014 j

113 2024 182 2059 Sed
199 2035 243 2058 ne
257 2025 366 2058 simus
382 2023 527 2067 prolixi,
554 2023 624 2056 duo
641 2019 726 2055 haec
742 2023 960 2055 observanda
977 2030 1069 2056 sunt.

214 2082 374 2116 Primum
392 2081 465 2124 ipsa
483 2081 685 2124 promissio,
713 2081 807 2125 quod
826 2077 987 2114 Christus
1010 2092 1095 2125 pro-

114 2133 220 2167 mittit
238 2144 272 2166 se
288 2133 451 2165 daturum
469 2130 640 2174 Spiritum
656 2137 825 2164 sanctum.

215 2191 398 2232 Secundo,
426 2188 511 2233 quid
532 2195 609 2231 agat
632 2188 785 2232 Spiritus
813 2196 970 2229 sanctus,
997 2190 1091 2234 quod
1118 2230 1120 2238 k

114 2242 171 2278 hic
193 2242 351 2281 additur,
386 2239 467 2285 quia
491 2245 589 2271 vocat
614 2235 859 2283 παράκλητον.
920 2238 1015 2272 Haec
1045 2247 1094 2273 est

114 2293 314 2328 dulcissima
333 2289 520 2335 appellatio
538 2287 690 2331 Spiritus
709 2290 836 2329 sancti,
864 2296 1007 2322 vocatur
1023 2302 1092 2323 πα-

115 2341 312 2391 ράκλητος,
341 2342 435 2386 quod
462 2339 635 2385 significat
656 2339 860 2372 advocatum
887 2339 921 2371 in
951 2340 1092 2375 iudicio.

115 2395 184 2430 Sed
211 2391 296 2426 haec
327 2390 514 2436 appellatio
549 2390 657 2422 multa
692 2389 804 2421 officia
832 2390 1090 2433 complectitur:

114 2457 196 2479 nam
228 2445 415 2477 advocatus
445 2447 513 2481 est,
553 2440 613 2485 qui
636 2440 869 2483 patrocinium
895 2440 930 2472 in
961 2440 1091 2475 iudicio
1116 2448 1117 2453 ¹

114 2495 276 2538 suscipit,
297 2492 498 2538 praesertim
517 2491 610 2534 eius,
631 2491 729 2523 cuius
746 2501 846 2523 causa
864 2491 1092 2534 periclitatur,

115 2553 148 2580 et
165 2545 297 2590 alioqui
319 2544 505 2577 destitutus
530 2549 579 2575 est
600 2541 820 2581 defensione,
849 2539 942 2574 hunc
965 2550 1092 2584 mouet,

113 2596 203 2638 regit
219 2594 384 2631 consilio,
410 2591 572 2626 hortatur
587 2599 620 2625 et
638 2591 829 2631 confirmat,
856 2591 941 2624 dicit
960 2604 1021 2634 pro
1039 2605 1091 2634 eo,

117 2651 152 2680 et
166 2652 333 2690 quantum
350 2650 482 2688 potest,
509 2649 626 2676 tuetur
644 2648 681 2675 ut
697 2642 820 2675 liberet
837 2641 1002 2685 periculo.

807 91 1200 130 ANNOTATIONES
1231 94 1277 130 ΙΝ
1300 93 1600 137 EVANGELIA.

2079 115 2154 152 502

1141 198 1146 235 Ι
1187 229 1196 237 ·
1275 178 1326 215 Ita
1342 194 1420 216 curn
1441 181 1605 219 Christus
1629 183 1719 222 hanc
1741 191 1981 228 suavissimam
1998 199 2152 242 appella-

1141 242 1143 280 ᾗ
1171 236 1301 264 tionem
1321 232 1445 267 tribuit
1463 233 1598 277 Spiritu
1614 246 1746 279 sancto,
1774 247 1918 277 testatur
1935 245 2062 282 similia
2077 250 2151 285 eius

1140 282 1143 307 ἲ
1167 292 1242 314 esse
1274 281 1406 320 officia,
1441 284 1622 327 videlicet,
1656 288 1735 322 ideo
1760 292 1912 328 mittitur
1937 297 1982 330 ab
2008 305 2149 335 aeterno

1168 338 1277 375 patre,
1294 338 1325 364 et
1343 331 1448 374 Filio,
1469 332 1624 369 Domino
1643 346 1763 373 nostro
1776 340 1850 376 lesu
1861 342 2014 385 Christo,
2033 355 2071 383 ut
2086 352 2147 384 ad-

1167 382 1211 415 sit
1230 382 1332 415 nobis
1347 383 1502 425 miseris,
1529 386 1598 418 reis
1613 396 1773 423 aeternae
1790 392 1877 431 irae,
1905 402 1938 428 et
1955 397 2075 432 iudicii
2093 402 2147 434 di—

1167 432 1261 473 vini,
1288 430 1415 466 horum
1442 441 1491 468 est
1516 442 1704 479 patronus,
1731 441 1875 485 suscipit
1896 446 2134 484 defensionem

1165 483 1317 526 suggerit
1335 484 1438 517 nobis
1455 485 1631 527 salutaria,
1656 497 1826 524 monstrat
1841 495 2038 538 consilium,
2058 479 2147 544 quo:

1164 535 1270 566 modo
1288 533 1498 573 liberemur,
1527 537 1607 580 quia
1625 545 1660 572 et
1677 542 1835 576 accendit
1850 543 1960 577 lucem
1978 547 2013 579 in
2030 553 2145 583 cordi-

1163 584 1239 624 bus,
1264 591 1302 618 ut
1322 584 1519 628 intelligant
1538 585 1769 631 Evangelium
1788 592 1830 625 de
1846 595 2049 630 remissione
2066 611 2144 643 pec-

1163 641 1334 678 catorum,
1360 636 1565 679 confugiant
1582 640 1623 671 ad
1643 637 1822 676 Christum
1834 669 1842 682 ‚
1869 651 1902 677 et
1919 648 2063 682 credant
2079 651 2144 684 sihi

1163 691 1305 728 propter
1323 697 1402 718 eum
1422 686 1571 727 ignosci:
1600 690 1728 723 deinde
1748 698 1798 726 est
1813 690 1991 737 hortator,
2018 706 2049 733 et
2066 712 2142 734 mo-

1162 741 1218 768 vet
1232 737 1355 776 corda,
1374 743 1413 769 ut
1434 738 1685 780 assentiantur,
1716 748 1749 775 et
1775 744 1955 779 confirmat
1974 751 2144 784 assensio-

1160 796 1262 826 nem,
1289 786 1390 830 erigit
1412 789 1693 830 perterrefactos,
1721 792 1817 825 iubet
1839 795 2012 830 confidere
2028 801 2071 832 de
2087 812 2142 835 sa-

1161 834 1233 867 lute
1245 862 1253 876 ‚
1279 836 1438 881 loquitur
1454 838 1557 871 etiam
1575 852 1639 884 pro
1655 842 1774 882 nobis,
1802 843 1932 878 scilicet
1951 859 2094 884 movens
2109 859 2142 885 et

1159 885 1344 929 impellens
1367 888 1491 928 corda,
1518 896 1556 922 ut
1578 891 1695 924 ausint
1723 892 1886 926 invocare
1909 902 1939 928 et
1965 906 2057 932 certo
2083 913 2142 934 ex-

1159 942 1296 979 pectare
1319 948 1438 980 opem,
1471 938 1559 971 sicut
1583 940 1714 974 dicitur
1735 941 1840 976 Rom.
1860 943 1909 979 8.:
1951 947 2141 993 Accepistis

1158 986 1320 1029 spiritum
1338 987 1538 1031 adoptionis
1554 989 1721 1032 filiorum,
1744 1004 1815 1037 quo
1831 994 2022 1031 clamamus
2037 998 2141 1036 Abba

1157 1043 1256 1079 pater
1271 1045 1335 1072 etc.
1390 1036 1493 1071 Item:
1523 1037 1600 1083 Ipse
1616 1041 1759 1083 spiritus
1776 1043 1975 1088 interpellat
1993 1061 2057 1092 pro
2075 1063 2140 1085 no-

1158 1087 1212 1119 bis
1231 1088 1419 1129 gemitibus
1436 1088 1743 1128 inenarrabilibus.
1795 1092 1958 1141 Denique
1976 1099 2079 1133 etiam
2104 1103 2139 1135 in

1156 1137 1374 1171 consessione
1399 1139 1512 1181 palam
1545 1147 1593 1174 est
1624 1150 1743 1176 noster
1772 1151 1907 1186 orator,
1941 1149 2084 1184 adiuvat
2108 1161 2140 1186 et

1157 1188 1340 1221 confirmat
1365 1189 1540 1231 dicentes,
1568 1191 1656 1225 sicut
1681 1193 1824 1227 dicitur:
1852 1194 1953 1230 Dabo
1978 1200 2077 1234 vobis
2101 1215 2139 1235 os

1129 1237 1130 1247 ¹
1156 1243 1187 1269 et
1213 1238 1439 1281 sapientiam,
1474 1241 1529 1273 cui
1551 1253 1623 1274 non
1649 1250 1814 1286 poterunt
1836 1246 1995 1281 resistere
2018 1263 2138 1286 omnes

1127 1254 1130 1331 l
1155 1288 1343 1320 adversarii
1362 1290 1478 1322 vestri.
1531 1289 1628 1333 Quid
1649 1300 1759 1336 potest
1776 1295 1845 1328 dici
1862 1298 2024 1332 dulcius?
2049 1314 2070 1334 o
2088 1303 2138 1335 fe-

1153 1336 1256 1373 lices,
1284 1339 1411 1381 quibus
1429 1341 1640 1383 promissum
1657 1350 1724 1384 est,
1754 1351 1787 1378 et
1804 1346 1908 1379 datur
1925 1354 2061 1383 tantum
2079 1353 2138 1386 be-

1154 1385 1329 1420 neficium.
1366 1386 1461 1421 Haec
1478 1390 1633 1424 breviter
1649 1394 1691 1425 de
1708 1394 1955 1438 appellatione,
1980 1401 2038 1432 sed
2055 1413 2137 1435 cou-

1154 1435 1347 1470 sideremus
1364 1438 1466 1471 etiam
1488 1438 1572 1473 haec
1589 1443 1678 1481 duo,
1706 1450 1740 1477 et
1757 1446 1850 1489 quod
1877 1450 2068 1489 promissus
2094 1453 2138 1487 sit

1125 1483 1128 1520 ἶ
1153 1484 1306 1529 Spiritus
1322 1495 1462 1522 sanctus
1481 1491 1647 1524 omnibus
1668 1494 1960 1538 amplectentibus
1975 1498 2137 1536 Evanve-

1125 1534 1127 1544 '
1153 1536 1260 1576 lium,
1288 1544 1320 1570 et
1337 1540 1431 1583 quod
1450 1540 1495 1574 sit
1512 1541 1585 1575 eius
1599 1542 1766 1578 officium.
2079 1529 2097 1546 υ

1549 1631 1595 1654 De
1629 1631 1747 1661 primo.

1256 1679 1309 1713 De
1327 1681 1462 1728 primo,
1490 1683 1678 1726 diligenter
1693 1685 1909 1723 inculcemus
1930 1693 2032 1727 nobis
2054 1708 2137 1740 pro—

1151 1730 1353 1764 missionem
1365 1758 1373 1772 ,
1401 1740 1433 1766 et
1450 1733 1559 1766 sciant
1583 1734 1712 1777 singuli
1730 1748 1805 1770 eam
1821 1740 1863 1772 ad
1881 1742 2012 1786 seipsos
2029 1749 2136 1789 perti-

1151 1793 1245 1815 nere.
1300 1781 1408 1816 Multi
1433 1783 1483 1817 sic
1506 1784 1678 1827 cogitant,
1706 1786 1818 1821 video
1838 1794 2008 1835 quosdam
2030 1796 2135 1832 fuisse

1122 1858 1124 1869 2
1150 1843 1297 1874 magnos
1316 1833 1426 1871 viros,
1454 1840 1492 1867 ut
1511 1833 1670 1873 Moisen,
1697 1835 1812 1871 Eliam
1828 1847 1893 1875 etc.
1911 1844 1971 1888 qui
1991 1846 2135 1881 mirabi-

1149 1882 1195 1914 lia
1213 1882 1381 1924 fecerunt,
1408 1882 1483 1917 Hos
1499 1885 1602 1917 credo
1619 1885 1725 1919 fuisse
1740 1889 1890 1924 donatos
1905 1892 2040 1936 Spiritu
2055 1909 2133 1931 san-

1120 1966 1122 1976 ,
1149 1939 1216 1966 cto.
1272 1932 1340 1966 Sed
1360 1946 1424 1967 nos
1439 1934 1632 1967 imbecilles
1652 1942 1788 1971 tantum
1805 1941 1964 1983 regimur
1981 1943 2134 1983 humana

1149 1983 1284 2016 ratione
1296 2009 1305 2023 ,
1332 1995 1405 2016 non
1421 1985 1590 2018 audemus
1614 1992 1730 2029 petere
1749 1996 1808 2024 aut
1825 2001 2003 2036 expectare
2019 1996 2132 2042 Spiri-

1147 2039 1221 2066 tum
1236 2040 1405 2068 sanctum.

1249 2090 1344 2124 Ilaec
1360 2098 1409 2126 est
1423 2092 1529 2138 impia
1546 2102 1579 2130 et
1594 2098 1785 2132 execranda
1802 2098 2023 2145 imaginatio,
2049 2116 2130 2142 sunt

1147 2141 1254 2184 igitur
1279 2145 1511 2186 opponendae
1538 2146 1806 2190 promissiones,
1841 2163 1929 2195 quae
1958 2161 2131 2192 testantur

1147 2203 1269 2224 omnes
1292 2193 1426 2226 vocari:
1463 2194 1590 2229 Venite
1618 2198 1661 2229 ad
1692 2210 1744 2230 me
1767 2211 1900 2234 omnes.
1949 2201 2127 2242 Omnibus

1118 2280 1119 2285 ¹
1146 2241 1221 2275 vult
1239 2240 1400 2277 Christus
1417 2245 1597 2289 impertire
1613 2244 1679 2280 hoc
1694 2248 1912 2286 beneficium.
1954 2251 2000 2288 Et
2015 2269 2127 2301 quan-

1144 2304 1248 2337 quam
1267 2305 1338 2326 non
1356 2305 1475 2328 sumus
1492 2308 1589 2339 pares
1606 2296 1711 2330 Moisi
1729 2306 1787 2332 aut
1798 2297 1904 2340 Elina,
1932 2305 2014 2349 quia
2030 2306 2126 2342 Deus

1145 2343 1221 2376 vult
1257 2355 1328 2377 esse
1361 2346 1518 2378 membra
1553 2345 1729 2380 Ecclesiae
1763 2350 1964 2394 dissimilia,
2006 2363 2122 2392 tamen

1145 2393 1309 2427 omnibus
1334 2394 1578 2429 invocantibus
1602 2395 1782 2432 Christum
1809 2400 1894 2442 fide,
1920 2404 2024 2439 datur
2041 2407 2123 2452 Spi-

1144 2444 1231 2477 ritus
1255 2453 1412 2486 sanctus,
1436 2446 1525 2480 sicut
1542 2445 1670 2480 Paulus
1696 2448 1829 2494 inquit,
1857 2460 1893 2486 ut
1917 2457 2122 2496 promissio-

1143 2506 1223 2527 nem
1249 2495 1391 2538 spiritus
1412 2496 1623 2540 accipiamus
1648 2510 1710 2542 per
1733 2500 1846 2533 fidem.
1896 2501 1943 2538 Et
1964 2506 2050 2541 scito
2072 2510 2121 2545 sie

1143 2545 1251 2588 accipi
1278 2546 1447 2590 Spiritum
1471 2554 1627 2581 sanctum
1642 2574 1650 2588 ,
1677 2561 1738 2592 per
1760 2551 1918 2586 auditum
1936 2554 2119 2603 Evangelii

1114 2598 1116 2648 J
1143 2601 1176 2629 et
1199 2595 1321 2635 fidem,
1357 2608 1427 2629 non
1459 2597 1545 2630 sicut
1576 2597 1829 2643 Anabaptistae
1858 2604 2026 2650 cogitant,
2060 2620 2119 2646 aut

1113 2649 1117 2689 Ι
1142 2643 1330 2685 Monachi,
1364 2647 1423 2691 qui
1450 2659 1570 2680 omnes
1598 2656 1680 2682 sunt
1710 2647 1966 2689 Enthusiastae.
2022 2657 2131 2696 Ana·.

1530 2696 1613 2734 32*
