2409 2915
296 120 366 155 251

300 213 370 239 stos
400 204 518 244 recipi.
585 200 688 234 Rom.
713 200 762 234 3.:
799 198 920 231 Gratis
951 198 1179 232 iustificamur
1203 199 1282 233 fide.

302 256 404 289 ltem:
448 253 546 286 Beati
581 261 731 296 quorum
763 249 925 282 remissae
955 255 1034 282 sunt
1067 249 1282 294 iniquitates.

302 306 406 344 Item,
432 303 494 336 tibi
515 314 590 335 sum
609 307 744 334 tantum
765 306 934 344 peccator.
986 299 1092 340 Item,
1122 297 1187 332 hoc
1207 300 1282 332 loco

300 354 449 389 conferri
473 354 601 385 dehent
620 358 797 394 peccatum
815 357 846 383 et
864 350 984 392 gratia.
1037 349 1137 383 Sicut
1154 349 1283 383 Paulus

300 405 432 439 confert
453 403 558 438 Rom.
568 404 619 437 6.:
649 400 771 435 Gratia
789 401 951 433 exuberat
970 412 1074 442 supra
1091 407 1283 443 peccatum.

300 456 418 489 Pluris
448 455 505 487 fiat
535 453 649 487 Filius
679 451 760 491 Dei,
797 459 828 485 et
858 450 1063 483 sacrificium
1094 449 1176 483 Filii
1207 451 1283 488 Dei,
1310 455 1311 462 ¹

300 518 404 551 quam
442 511 602 538 nostrum
639 509 838 546 peccatum,
878 507 913 533 ut
950 507 1142 534 statuamus
1181 502 1283 534 nobis

300 556 454 602 ignosci,
482 554 612 588 remitti
637 559 835 596 peccatum,
861 558 891 584 et
915 551 1124 595 incipiamus
1141 552 1282 584 obedire

299 606 387 642 Deo.
448 605 523 639 Hae
554 610 636 637 sunt
668 603 786 634 firmae
817 609 849 634 et
881 614 982 635 verae
1015 602 1284 642 consolationes,

300 664 420 692 contra
438 655 666 689 tentationem
682 653 724 685 de.
742 653 963 695 indignitate.

402 707 522 739 Altnra
541 704 719 738 concurrit
735 704 778 735 de
795 703 975 738 electione.
1003 702 1095 745 Quia
1113 701 1284 743 homines,

300 769 378 791 cum
405 757 525 789 vident
550 755 646 788 reiici
674 754 802 786 multos
826 754 915 786 bene
940 754 1103 794 meritos,
1132 761 1170 787 ut
1194 753 1281 787 Sau-
1310 762 1312 767 '

300 809 387 845 lem,
415 808 634 849 Augustum,
662 804 886 842 Ciceronem,
913 811 945 837 et
970 804 1077 846 recipi
1101 805 1204 847 longe
1223 809 1284 837 de-

300 858 461 898 teriores,
488 865 527 891 ut
543 855 812 899 magdalenam,
840 855 1011 887 latronem
1034 854 1070 886 in
1098 867 1199 888 cruce
1221 862 1283 888 etc.

300 909 480 952 disputant
504 909 547 941 de
564 905 856 950 particularitate,
884 905 1064 944 videlicet,
1091 904 1204 938 Deum
1222 903 1285 938 lia-

299 960 380 992 bere
398 960 572 1004 quendam
592 957 787 998 catalogum
806 967 939 993 eorum,
967 967 1055 999 quos
1073 957 1154 989 velit
1171 956 1284 989 salvos
1311 980 1313 987 ,

1234 1006 1284 1040 lta
1311 1037 1313 1040 Α

299 1010 428 1050 facere,
464 1016 616 1042 caeteros
649 1019 731 1039 vero
764 1006 911 1048 negligi,
944 1006 1032 1040 sicut
1056 1018 1170 1041 canes.

300 1061 461 1094 tribuunt
483 1059 558 1091 Deo
581 1057 884 1101 inaequalitatem,
913 1059 1006 1101 qnod
1031 1058 1142 1099 reipsa
1162 1064 1210 1089 est
1228 1070 1284 1090 ac-

300 1122 419 1144 cusare
444 1122 522 1144 eum
549 1108 759 1154 tyrannidis.
812 1106 906 1140 Haec
931 1116 980 1143 est
1006 1109 1191 1142 durissima
1209 1115 1282 1142 ten-

300 1162 398 1195 tatio.

403 1211 470 1245 Sed
497 1209 578 1243 buic
603 1207 786 1241 tentationi
813 1210 1023 1251 opponenda
1048 1217 1096 1242 est
1115 1210 1286 1249 doctrina,

301 1262 393 1307 quod
420 1261 670 1306 promissiones
692 1264 773 1291 sunt
794 1259 1019 1295 universales.
1073 1258 1119 1294 Et
1135 1261 1284 1304 diligen-

300 1320 353 1347 ter
371 1312 587 1345 universales
604 1309 822 1351 colligendae
840 1318 938 1350 sunt,
966 1318 1005 1345 ut
1022 1307 1141 1344 lolian.
1160 1311 1211 1344 5.:
1239 1310 1285 1345 Ut

300 1363 416 1397 omnis
439 1363 498 1408 qui
523 1362 634 1396 credit
657 1360 695 1392 in
715 1358 865 1400 Filium,
900 1374 972 1394 non
998 1368 1126 1405 pereat.
1182 1361 1284 1395 Item:

301 1413 429 1446 Venite
452 1414 494 1445 ad
520 1425 574 1445 me
591 1422 721 1445 omnes.
776 1410 880 1451 Item,
908 1411 1010 1446 Rom.
1033 1413 1103 1446 10.:
1127 1411 1221 1445 Deus
1237 1420 1284 1445 est

301 1465 394 1497 idem
416 1463 600 1501 omnibus,
628 1462 725 1494 dives
744 1461 779 1493 in
796 1474 917 1496 omnes
935 1464 1136 1496 invocantes
1155 1475 1199 1498 se,

404 1513 482 1547 Huc
511 1514 723 1556 adiungatur
753 1515 957 1547 mandatum
984 1514 1221 1553 immutabile,
1255 1521 1285 1546 et

302 1566 395 1610 quod
413 1565 515 1607 longe
531 1564 683 1608 positum
699 1568 765 1601 est,
793 1575 896 1607 supra
914 1576 1036 1597 omnes
1053 1565 1160 1607 leges,
1188 1565 1286 1597 vide-

302 1617 400 1653 licet,
429 1616 521 1660 quod
540 1614 728 1658 praecipit,
758 1621 795 1647 ut
814 1626 935 1647 omnes
951 1616 1094 1648 credant
1106 1615 1198 1648 Filio
1211 1615 1286 1653 Dei,

302 1673 332 1698 et
359 1663 441 1698 liuic
467 1666 632 1699 mandato
660 1675 797 1696 necesse
822 1672 870 1697 est
895 1677 1017 1698 omnes
1031 1667 1286 1709 obtemperare.

302 1716 372 1749 Noc
402 1727 466 1748 nos
499 1727 684 1760 quaerere,
719 1720 777 1747 aut
802 1716 948 1748 scrutari
975 1716 1191 1749 voluntatem
1219 1717 1285 1749 Dei
1312 1709 1315 1716 ¹

303 1767 487 1803 debemus,
515 1766 666 1810 seposito
693 1763 757 1798 boc
782 1767 969 1808 mandato,
997 1774 1029 1800 et
1049 1767 1184 1799 reiectis
1204 1779 1284 1810 pro-

303 1817 541 1850 missionibus.
611 1815 655 1849 Et
681 1827 759 1848 cum
786 1815 948 1849 Christus
970 1818 1076 1849 dicat:
1111 1816 1186 1859 Ego
1212 1830 1286 1850 sum

304 1868 378 1904 via,
408 1867 553 1906 veritas,
581 1874 611 1899 et
630 1867 710 1900 vita.
765 1866 867 1899 Item:
898 1867 967 1909 Qui
987 1868 1079 1899 videt
1098 1880 1164 1904 me,
1194 1869 1286 1901 videt

304 1925 335 1950 et
363 1925 512 1959 patrem,
546 1917 708 1948 voluntas
726 1914 790 1948 Dei
812 1918 1004 1950 necessario
1023 1919 1221 1961 quaerenda
1240 1927 1286 1951 est

305 1969 341 2000 in
360 1968 451 2000 Filio
475 1968 576 2000 nobis
600 1967 748 2003 donato,
778 1973 807 1999 ot
827 1967 1040 2009 Evangelio,
1066 1969 1158 2013 quod
1177 1968 1288 2002 Filius

303 2017 368 2052 Dei
388 2031 424 2051 ex
445 2018 522 2050 sinu
541 2018 648 2061 patris
667 2017 821 2057 protulit.

407 2068 479 2101 llas
504 2068 760 2100 consolationes
785 2067 1066 2106 meminerimus,
1100 2076 1135 2101 ut
1160 2067 1288 2101 halwa-

306 2131 382 2153 mus
396 2119 512 2151 firmas
528 2119 754 2151 refutationes
770 2118 910 2150 illarum
929 2120 1174 2156 tentationum.
1202 2133 1289 2164 quae

305 2171 539 2213 plurimorum
556 2169 690 2201 animos
707 2175 862 2201 exercent
877 2196 884 2205 ,
913 2176 942 2201 et
961 2170 1117 2213 quotidie
1136 2171 1170 2202 in
1190 2171 1289 2203 invo-

306 2222 439 2254 catione
461 2220 676 2263 prosi-ramus
697 2217 757 2251 bas
777 2220 1045 2253 consolationes.

407 2270 495 2303 Nam
522 2271 547 2302 si
574 2270 765 2313 inspexeris
784 2271 940 2303 animum
959 2278 1076 2307 tuum,
1106 2271 1240 2303 ridebis
1258 2278 1289 2304 tc
1314 2311 1315 2314 Ἰ

305 2320 359 2354 bis
393 2321 528 2353 cluabus
559 2321 813 2353 tentationibus
847 2321 1030 2364 impediri.
1065 2334 1108 2354 ne
1139 2322 1290 2361 invoces,

305 2372 385 2417 quia
421 2372 548 2412 cogitas
581 2378 612 2404 te
646 2372 830 2411 iudignum
864 2383 948 2406 csse.
1011 2372 1116 2408 ltcm,

304 2424 416 2457 Deum
434 2433 513 2454 suos
531 2423 700 2467 quosdam
719 2422 859 2463 elegisse
872 2448 879 2457 ,
908 2430 939 2455 tr·
958 2435 1039 2455 vcro
1061 2423 1200 2463 negligi,

890 111 1015 146 PHlL.
1042 111 1157 148 MEL.
1185 111 1392 147 SCRlPTA
1422 109 1719 147 EXEGETlCA.

2241 115 2317 150 232

1437 196 1504 231 Sed
1535 195 1592 230 hic
1620 198 1787 233 debemus
1811 198 1942 232 intueri
1968 198 2095 231 animis
2118 199 2316 232 doctrinam

1308 252 1310 275 ἱ
1335 245 1537 290 Evangelii,
1562 260 1651 292 quae
1674 249 1842 292 praecipit
1867 250 1910 282 de
1935 249 2020 289 fide,
2049 249 2138 282 sicut
2162 249 2231 282 iam
2257 249 2317 282 di—

1160 2373 1288 2413 cogitas
1314 2396 1315 2415 1

1246 2422 1286 2456 1⁴31
1314 2447 1315 2451 ,

305 2475 472 2505 accc-«toni
502 2470 569 2505 linc
596 2470 747 2504 bumana
777 2481 998 2513 argumenta,
1027 2475 1108 2519 quia
1135 2485 1204 2506 non
1230 2485 1287 2505 su-
1313 2473 1315 2479 ⁴

304 2536 381 2555 mus
408 2535 505 2566 pares
531 2521 713 2559 Abrabae,
743 2522 856 2560 liti-w,
885 2523 1040 2562 litisaeo,
1070 2524 1229 2561 Danieli,
1256 2531 1286 2557 et
1312 2525 1314 2529 '

304 2575 497 2612 similibus,
531 2586 650 2607 sumus
674 2573 881 2610 imbecilles.
918 2576 992 2607 siue
1018 2576 1152 2614 magnis
1176 2575 1288 2613 donis,

303 2625 377 2657 sine
412 2625 615 2661 autoritate,
652 2625 729 2657 idco
763 2625 889 2665 negligi
917 2637 980 2657 nos
1006 2626 1219 2665 iudicamus,
1255 2633 1285 2659 et

301 2675 542 2715 desperatione
560 2676 710 2722 quadam
731 2675 925 2709 omittimus
946 2673 1218 2712 invocationem.

1336 305 1428 331 ctum
1443 305 1501 331 est.
1531 297 1710 331 Debemus
1727 299 1829 332 etiam
1847 299 1977 334 intueri
1996 297 2086 332 hanc
2096 297 2316 333 cananaeam

1337 348 1556 391 magistram,
1591 361 1679 393 quae
1706 350 1852 383 refutata
1877 351 2084 393 indignitate
2109 356 2141 383 et
2164 349 2318 394 particu—

1337 399 1471 431 laritate
1494 399 1723 432 ratiocinatur
1746 401 1995 443 promissiones
2019 412 2092 433 non
2117 407 2251 433 tantum
2274 401 2316 433 ad

1339 448 1441 483 lsrael
1461 451 1652 493 pertinere,
1677 450 1734 482 sed
1754 450 1857 484 etiam
1873 452 1913 483 ad
1931 458 2059 495 genteS.
2113 450 2240 490 Canes,
2263 450 2318 482 in—

1337 500 1431 542 quit,
1456 501 1563 532 edunt
1587 501 1628 531 de
1655 500 1763 533 micis.
1818 499 1868 533 lta
1895 503 2038 534 excitata
2063 502 2130 534 fide
2154 501 2319 534 invocare

1337 549 1449 582 Deum
1476 550 1513 582 in
1539 550 1716 593 agnitione
1736 550 1819 583 Filii
1843 551 1916 584 eius
1942 553 2118 585 debemus.
2172 549 2217 585 Et
2234 548 2320 584 haec

1336 600 1421 633 fides
1444 612 1482 632 ac
1505 601 1680 635 invocatio
1704 601 1740 633 in
1760 598 1813 633 bis
1837 601 1899 646 qui
1923 609 2032 645 agunt
2056 602 2320 646 poenitentiam,

1337 657 1385 683 est
1417 661 1574 683 summus
1598 651 1712 684 cultus
1736 649 1819 692 Dei,
1851 658 1883 685 et
1907 653 2112 696 praecipuus
2135 651 2320 691 Ecclesiae,

1337 701 1424 734 sicut
1450 697 1507 733 liic
1530 701 1675 735 dicitur:
1705 699 1740 734 O
1764 702 1892 734 mulier
1917 714 2040 745 magna
2065 709 2114 735 est
2141 702 2225 734 fides
2248 708 2320 735 tua.

1338 750 1381 784 Et
1414 748 1504 783 hanc
1534 763 1605 784 non
1632 764 1703 785 esse
1727 752 1882 793 irritam,
1918 755 1975 785 sed
2005 753 2192 796 impetrare
2219 753 2321 790 bona,

1339 799 1422 833 haec
1446 802 1518 844 ipsa
1543 814 1609 834 vox
1633 809 1792 836 testatur:
1823 802 1901 837 Fiat
1925 804 1990 838 tibi
2016 804 2103 837 sicut
2122 803 2195 845 vis,
2225 803 2320 836 iuxta

1338 852 1444 885 illud:
1475 851 1604 891 Petite,
1631 860 1663 886 et
1681 853 1869 897 accipietis.

1440 901 1655 945 Proponitur
1668 915 1748 946 ergo
1760 905 1862 937 nobis
1875 905 1910 937 in
1923 900 1989 937 boc
1999 901 2192 945 Evangelio
2204 915 2321 936 exem-

1339 953 1434 997 plum
1460 953 1540 985 fidei
1566 953 1750 987 eluctantis
1769 967 1808 987 ex
1825 955 2039 998 gravissimis
2056 955 2322 994 tentationibus,

1338 1011 1369 1037 et
1386 1004 1476 1036 bona
1498 1004 1735 1047 impetrantis,
1761 1012 1799 1038 ut
1819 1017 1882 1038 nos
1899 1017 2037 1050 quoque
2053 1005 2226 1038 discamus
2242 1004 2322 1036 vin-

1339 1066 1414 1087 cere
1450 1054 1702 1094 diffidentiam,
1745 1056 1893 1089 excitare
1932 1057 2034 1088 fidem
2063 1061 2094 1088 et
2127 1055 2321 1088 invocatio-

1339 1117 1430 1137 nem.
1488 1104 1557 1137 Nec
1582 1102 1752 1137 habemus
1773 1106 1926 1139 minores
1950 1117 2087 1146 causas,
2114 1118 2217 1150 quain
2239 1104 2322 1138 haec

1339 1154 1542 1195 Gammae-a,
1576 1167 1663 1200 quae
1690 1155 1826 1189 laborat
1851 1157 1892 1189 (le.
1917 1156 1984 1188 filia
2014 1168 2094 1194 sua,
2128 1156 2176 1190 sic
2201 1163 2232 1189 ct
2258 1166 2322 1188 nos

1340 1207 1381 1238 de
1401 1205 1530 1239 nostris
1547 1206 1829 1246 necessitatibus,
1858 1214 1891 1240 et
1909 1208 1952 1240 de
1971 1206 2130 1250 publicis.

1639 1307 1859 1347 Dominica
1894 1307 2027 1348 Oculi.

1604 1379 1839 1424 Evangelium
1866 1381 1980 1415 Lucae
2003 1383 2058 1416 11.

1391 1453 1444 1487 Et
1482 1458 1558 1487 erat
1587 1454 1730 1487 eiiciens
1766 1453 2017 1490 daemonium.
2060 1459 2091 1488 el
2122 1453 2223 1487 illud
2249 1458 2326 1487 erat

1441 1509 1590 1539 mulum.
1654 1503 1810 1538 Ifflclnm
1841 1510 1891 1538 es!
1924 1510 2043 1538 aulem
2075 1517 2215 1549 egresso
2239 1502 2326 1538 dae-

1443 1556 1582 1598 monio,
1626 1554 1766 1589 loculus
1796 1560 1845 1588 es!
1875 1561 2011 1593 mulus,
2055 1561 2084 1588 et
2115 1554 2326 1588 admiratae

1444 1610 1529 1638 sun!
1555 1605 1694 1641 turbae.
1744 1604 1909 1652 Quidam
1933 1611 2053 1639 aulem
2078 1617 2123 1639 ea:
2146 1606 2196 1638 eis
2221 1603 2326 1639 dixe-

1444 1661 1545 1689 runt:
1578 1655 1622 1689 In
1644 1654 1844 1689 Beelzebub
1867 1657 2030 1703 principe
2051 1654 2325 1689 daemoniorum

1442 1706 1536 1739 eiicil
1555 1704 1762 1742 domnonia.
1818 1706 2030 1740 :Iliiaulem
2051 1711 2246 1745 tentantes,
2273 1705 2327 1740 si-

1440 1769 1555 1802 gnum
1587 1755 1628 1790 de
1660 1756 1754 1791 coelo
1786 1757 2009 1805 qrmerebnn!
2043 1757 2090 1790 ab
2123 1770 2171 1790 eo.
2243 1755 2327 1804 Ipse

1443 1813 1561 1841 (nalem
1587 1808 1702 1842 sciens
1726 1808 1962 1853 cogilaliones
1978 1821 2119 1848 eurum,
2147 1806 2244 1841 dia-it
2261 1809 2329 1842 eis:

1445 1857 1562 1891 Omne
1581 1871 1729 1904 regnum
1748 1864 1871 1891 contra
1889 1859 2046 1905 seipsum
2063 1857 2113 1891 di»
2126 1859 2238 1897 ismn,
2268 1857 2328 1891 de-

1443 1908 1646 1950 solabilur,
1682 1914 1711 1942 e!
1744 1907 1871 1943 domus
1904 1922 2017 1956 snpra
2043 1907 2190 1942 (lonium
2213 1907 2328 1944 cadel-

1445 1958 1490 1991 δι’
1514 1964 1633 1992 aulem
1659 1965 1688 1993 r!
1712 1959 1880 1993 Salanus
1903 1965 2028 1993 contra
2053 1960 2209 2007 sct'psum
2234 1958 2329 1993 din·-

1448 2022 1510 2042 ,ως
1528 2015 1594 2049 cst,
1620 2010 1799 2057 quomodo
1815 2011 1928 2044 stabi!
1946 2023 2094 2057 regnum
2113 2011 2213 2044 eius?
2238 2011 2327 2058 qula

1445 2058 1586 2100 dicitis,
1615 2062 1651 2094 in
1672 2059 1874 2095 Beelzebub
1899 2074 1952 2095 me
1977 2062 2097 2094 cilo-re
2121 2059 2327 2098 daemonia.

1446 2111 1491 2143 Si
1508 2117 1628 2145 aulem
1647 2125 1710 2157 ego
1728 2113 1765 2145 in
1787 2112 1984 2146 Ilm-lachah
2003 2112 2104 2146 eiicio
2121 2110 2329 2154 dne-monia,

1431 2159 1518 2207 filli
1537 2163 1643 2196 vestri
1661 2164 1696 2196 in
1716 2177 1786 2211 quo
1805 2164 1979 2197 eliciunt?
2033 2161 2122 2196 Ideo
2142 2163 2215 2210 ipsi
2232 2161 2330 2197 iudi-

1446 2225 1499 2246 ces
1525 2214 1634 2247 vestri
1657 2220 1772 2249 crunt.
1838 2215 1883 2247 Si
1901 2220 2020 2248 autem
2048 2214 2084 2247 ιή
2110 2211 2226 2260 digito
2254 2213 2332 2247 Dei

1445 2264 1546 2297 fissio
1578 2263 1791 2302 dumnom'a,
1827 2267 1989 2314 prosrclo
2017 2265 2175 2312 pervenit
2205 2264 2241 2297 ιή
2269 2277 2328 2300 ros

1446 2327 1594 2360 regnum
1615 2316 1699 2352 Dei.

1393 2361 1612 2414 Curti-sorti}
1629 2373 1796 2402 armatus
1811 2365 1964 2402 custodi!
1981 2366 2116 2399 atrium
2134 2379 2261 2411 sumn,
2289 2366 2325 2400 in

1441 2430 1527 2463 pace
1552 2424 1636 2452 sun!
1656 2431 1696 2452 m
1716 2431 1808 2467 quae
1822 2416 1993 2464 possidrl.
2048 2417 2093 2450 Si
2109 2419 2326 2466 autemsor-

1444 2469 1515 2501 lior
1542 2482 1578 2502 ro
1606 2470 1856 2516 supervi-nicus
1884 2469 2001 2502 ‹ire-rit
2024 2481 2120 2507 eum,
2157 2469 2325 2502 universa

1445 2532 1551 2553 arum
1577 2520 1650 2554 eius
1672 2522 1812 2568 austri,
1842 2520 1877 2553 in
1896 2520 2027 2568 quihus
2045 2517 2267 2563 confidcbal,
2295 2524 2329 2553 el

1442 2571 1563 2617 spolia
1583 2573 1656 2605 eius
1674 2570 1873 2606 alistrihuit.
1926 2571 2006 2619 Qui
2023 2583 2094 2603 non
2112 2575 2162 2603 es!
2179 2582 2326 2610 nucum,

1443 2626 1569 2655 contra
1595 2634 1648 2655 me
1673 2628 1741 2664 est,
1779 2628 1807 2656 et
1829 2623 1894 2671 qui
1916 2635 1987 2657 non
2013 2621 2155 2669 colligit
2179 2634 2326 2660 mecum,

1441 2671 1630 2721 dispergit.
