2409 2915
254 112 324 146 727

851 105 976 140 PHlL.
1004 103 1119 140 MEL.
1148 103 1356 140 SCRIPTA
1385 102 1680 141 EXEGETlCA.

2200 105 2274 142 728

258 207 342 231 nent
365 194 482 229 hostes
497 193 589 235 Dei,
626 203 776 237 eumque
801 191 975 225 mendacii
1000 198 1182 231 accusant,
1209 197 1242 223 et
1267 210 1270 250 1
1295 189 1418 229 aDeo,
1444 197 1478 225 et
1495 192 1660 236 impetrat
1678 190 1797 224 multis
1815 190 2072 233 mitigationem
2091 190 2188 226 mali.
2226 189 2278 224 Ae

259 245 472 281 contumelia
496 244 670 284 afficiunt,
702 243 797 276 iuxta
822 243 954 276 dictum
983 239 1059 277 lob.
1077 242 1129 276 3.:
1169 240 1242 284 Qui
1267 254 1271 285 χ
1295 241 1371 274 vult
1387 242 1485 275 Deus
1503 242 1540 275 in
1559 242 1759 286 precatione
1778 253 1842 274 nos
1857 241 1947 274 affici
1970 241 2142 282 aliorum,
2176 247 2209 275 et
2224 247 2279 275 to-

261 309 332 331 non
351 296 462 329 credit
481 295 516 328 in
534 295 644 327 filium
657 320 665 333 ‚
689 293 742 326 ira
758 291 824 326 Dei
843 299 962 326 manet
979 304 1083 337 super
1102 305 1192 326 eum.

364 348 437 381 Aut
461 346 546 379 fides
571 345 657 389 petit
678 345 770 378 bona
798 344 1014 389 corporalia,
1058 356 1146 389 quae
1172 354 1244 376 non
1270 351 1271 357 ¹

261 399 385 431 eodem
413 397 518 430 modo
543 397 674 429 dantur
695 395 885 437 omnibus,
918 401 953 428 et
973 395 1010 427 in
1035 395 1164 440 quibus
1184 405 1245 441 pe-

262 449 377 482 tendis
393 448 561 481 debemus
580 446 706 480 offerre
724 457 788 479 nos
812 452 844 479 et
869 446 981 489 parati
1005 457 1077 479 esse
1099 446 1139 478 ad
1161 446 1247 477 ohe-

264 499 432 533 ‹licntiam
445 523 453 536 ,
481 499 510 531 si
528 510 602 531 non
619 497 811 530 liberemur
829 496 865 529 in
884 494 948 529 hac
967 496 1035 530 vita
1049 523 1058 538 ,
1084 503 1124 530 ut
1139 495 1247 527 velle-

265 562 359 583 mus:
397 550 438 582 de
459 547 531 587 his,
560 549 725 592 inquam,
752 547 996 591 corporalibus
1015 547 1135 585 bonis,
1163 546 1249 578 tides·

266 601 302 633 in
320 612 445 643 genere
470 599 554 643 petit
578 598 853 642 mitigationem,
878 598 960 644 quia
978 598 1041 632 scit
1056 595 1248 631 Ecclesiam

266 658 427 695 oportere
452 650 643 683 subiectam
674 660 746 682 esse
775 649 886 682 cruci:
927 649 1009 682 ffleo
1035 649 1079 683 de
1104 660 1140 681 re
1164 648 1250 692 ipsa,

267 713 357 745 quae
374 699 584 734 nominatim
607 700 757 744 petitur,
789 711 863 733 non
885 699 1005 734 statuit
1025 700 1100 732 sine
1125 698 1250 732 condi-

265 753 373 786 tione.
428 750 475 785 Ut
492 749 607 785 David
631 751 666 786 2.
681 749 771 793 Reg.
790 748 847 786 15.
870 757 990 795 petens
1014 762 1049 783 se
1072 749 1190 783 reduci
1213 749 1250 780 in

267 814 414 846 regnum
434 802 521 846 petit
545 813 624 836 cum
651 801 872 842 conditione,
905 801 934 834 si
952 801 1026 835 Deo
1051 801 1182 845 placet,
1214 799 1250 831 id

268 861 338 894 est,
376 853 479 887 offert
503 852 578 886 Deo
604 852 843 886 obedientiam
866 863 983 892 suam,
1024 852 1053 884 si
1075 863 1154 884 eum
1178 862 1252 882 non

267 905 344 938 vult
370 904 555 944 reducere,
597 915 670 936 non
701 909 871 946 repugnat
899 901 1074 935 voluntati
1098 901 1253 941 divinae,

267 956 325 988 sed
347 955 423 988 vult
439 954 603 994 liberari,
629 965 707 986 cum
721 951 795 985 Deo
812 952 980 996 placebit,
1007 952 1101 986 iuxta
1118 951 1251 985 dictum

271 1006 304 1040 1.
322 1005 419 1039 Petri
438 1006 515 1038 ult-z
544 1003 795 1038 Humiliamini
813 1003 878 1036 sub
894 1003 1029 1046 potenti
1047 1014 1154 1036 manu
1173 1001 1251 1036 Dei.

266 1055 313 1090 Et
330 1063 446 1089 tamen
463 1053 548 1088 haec
564 1055 669 1093 fides,
696 1060 818 1097 petens
842 1060 876 1087 et
898 1060 1099 1098 exspectans
1122 1053 1254 1086 benefi-

268 1108 318 1140 cia
336 1106 494 1150 corporis
513 1117 592 1139 cum
614 1104 834 1143 conditione,
861 1111 989 1138 statuat
1012 1104 1170 1137 exaudiri
1193 1116 1254 1148 pe-

266 1158 430 1191 titionem
448 1157 626 1190 bonorum
646 1155 896 1199 corporalium,
921 1162 953 1189 et
970 1167 1154 1200 nunquam
1172 1154 1254 1188 irri-

267 1215 338 1242 tam
363 1219 435 1241 esse
458 1207 716 1251 precationem,
749 1205 885 1239 etiamsi
910 1204 1068 1239 Ecclesia
1093 1213 1144 1240 est
1171 1206 1254 1238 sub-

268 1259 356 1293 iecta
374 1259 488 1297 cruci,
524 1265 556 1292 et
578 1257 708 1301 singuli
733 1257 901 1290 debemus
922 1256 1160 1290 obedientiam
1178 1254 1254 1290 Deo

267 1311 304 1343 in
322 1309 445 1354 poenis
460 1315 492 1343 et
508 1308 685 1342 aerumnis
702 1307 944 1351 corporalibus
968 1307 1063 1340 iuxta
1085 1307 1146 1340 illa
1162 1306 1255 1340 dicta

267 1360 400 1394 Psalm.
421 1358 520 1394 145:
555 1358 671 1403 Prope
692 1366 743 1392 est
760 1357 937 1392 Dominus
961 1357 1128 1391 omnibus
1152 1357 1255 1390 invo-

268 1411 431 1444 cantibus
453 1422 532 1444 eum
559 1410 596 1442 in
620 1409 784 1449 veritate,
819 1408 1036 1441 voluntatem
1054 1408 1254 1441 timentium

268 1473 304 1495 se
326 1461 446 1501 saciet,
477 1467 511 1494 et
532 1459 816 1505 deprecationem
839 1469 961 1492 eorum
984 1459 1157 1494 exaudiet.
1209 1455 1257 1491 Et

269 1509 400 1546 Matth.
417 1513 495 1547 21.:
526 1508 659 1545 Omnia
683 1521 772 1555 quae
794 1509 913 1554 petitis
937 1509 974 1541 in
998 1508 1156 1542 oratione
1182 1520 1257 1542 cre-

269 1563 391 1596 dentes
409 1561 597 1606 accipietis.
649 1560 867 1594 Nominatim
893 1559 1002 1603 igitur
1025 1560 1069 1592 de
1090 1571 1256 1603 corpora-

270 1613 364 1646 libus
379 1611 560 1646 aerumnis
577 1618 734 1655 petamus
751 1617 811 1644 aut
827 1610 1085 1650 liberationem,
1112 1616 1172 1643 aut
1189 1610 1257 1642 mi-

268 1664 487 1707 tigationem.
523 1661 691 1707 Impetrat
709 1661 803 1694 enim
823 1660 997 1705 precatio,
1025 1660 1080 1693 vel
1095 1667 1133 1694 ut
1145 1672 1256 1705 poena

270 1715 434 1755 tollatur,
469 1714 525 1747 vel
547 1720 585 1747 ut
610 1712 806 1756 mitigetur:
839 1718 879 1746 ut
904 1710 989 1753 Iob,
1015 1709 1150 1752 David,
1177 1710 1258 1745 Ma-

271 1777 387 1799 nasses
415 1765 634 1810 trepidanter
663 1770 827 1807 rogatus,
868 1763 927 1796 sed
956 1769 1099 1806 rogatus
1129 1769 1259 1803 tamen,

271 1817 426 1861 depulit,
462 1823 523 1850 aut
551 1815 724 1858 mitigavit
747 1813 903 1857 ingentia
928 1813 1045 1847 mala?
1086 1812 1145 1847 Sic
1169 1812 1258 1847 Pro-

270 1865 395 1911 phetae
418 1868 461 1900 de
486 1866 708 1910 mitigatione
729 1871 934 1910 precantur,
977 1863 1044 1898 Ier.
1065 1864 1140 1898 10.:
1184 1863 1258 1897 Do-

270 1918 367 1951 mine
391 1918 427 1951 in
454 1917 585 1951 iudicio
609 1923 670 1949 tuo
695 1915 830 1959 corrige
852 1927 926 1957 me,
967 1926 1012 1947 ne
1037 1915 1078 1948 ad
1104 1912 1257 1948 nihilum

271 1969 408 2011 redigas
433 1980 500 2003 me.
551 1965 597 2000 Et
615 1964 695 2000 Esa.
714 1965 794 2000 64:
836 1963 927 1999 Ecce
945 1977 1008 1998 nos
1027 1965 1140 1999 lutum
1158 1972 1257 1999 tuum

270 2026 335 2053 etc.
353 2031 396 2052 ne
416 2018 575 2052 irascaris
591 2016 744 2051 Domine
763 2017 874 2051 valde.
930 2015 1017 2049 ltem
1037 2015 1166 2049 Psalm.
1185 2015 1257 2050 78.:

271 2069 351 2104 Non
370 2070 527 2103 accendit
545 2075 651 2103 totam
668 2068 754 2101 iram
772 2080 883 2103 suam.
920 2066 1005 2101 ltem
1018 2066 1146 2101 Psalm.
1159 2067 1258 2103 180.:

271 2120 309 2155 Si
328 2120 532 2166 iniquitates
551 2119 793 2153 observaveris
809 2117 979 2159 Domine,
1005 2116 1158 2152 Domine
1181 2118 1259 2164 quis

272 2171 484 2206 sustinebit?
512 2172 545 2204 id
563 2177 630 2210 est,
655 2171 682 2203 si
701 2182 830 2214 poenas
847 2181 968 2202 omnes
984 2170 1123 2215 exsequi
1141 2170 1259 2209 velles.

272 2223 389 2257 subito
409 2234 532 2256 omnes
548 2221 860 2264 exstingueremur.
913 2218 958 2254 Et
974 2221 1115 2265 quidem
1134 2220 1171 2254 iu
1197 2221 1257 2255 tali

272 2274 472 2318 precatione
489 2273 619 2316 singuli
641 2285 713 2306 non
731 2273 844 2306 solum
862 2284 926 2317 pro
946 2283 1017 2304 sese
1035 2279 1171 2316 petant,
1199 2273 1256 2306 sed

273 2325 426 2369 primum
453 2337 517 2369 pro
542 2331 616 2358 toto
641 2335 786 2368 corpore
813 2320 1004 2357 Ecclesiae:
1049 2323 1082 2355 id
1118 2335 1258 2356 oremus

273 2376 424 2416 servari,
458 2376 592 2409 etiamsi
613 2375 750 2417 singula
777 2374 933 2408 membra
960 2380 1078 2418 parata
1101 2386 1172 2407 esse
1196 2375 1256 2407 de-

272 2428 354 2461 bent
373 2428 414 2460 ad
434 2426 685 2465 obedientiam.
711 2426 840 2471 siquid
860 2425 923 2459 erit
942 2425 1176 2463 tolerandum,
1199 2433 1257 2459 aut

272 2479 299 2511 si
320 2491 390 2511 non
414 2479 645 2522 respondeant
667 2485 832 2515 eventus,
859 2477 948 2509 sicut
966 2487 1028 2510 nos
1045 2483 1257 2520 optaremus.
1281 2517 1282 2523 ἵ

271 2528 385 2562 David
418 2541 523 2562 orans
556 2541 618 2573 pro
651 2529 824 2566 exercitu,
866 2528 1047 2561 victoriam
1075 2527 1178 2571 petit.
1219 2535 1255 2561 ut

271 2577 423 2613 Ecclesia
443 2581 485 2613 sit
504 2580 708 2614 incolumis:
746 2579 886 2613 interim
904 2579 966 2612 srit
984 2578 1121 2623 aliquos
1139 2579 1257 2610 venire

271 2631 305 2663 in
331 2631 544 2674 pericnlum,
572 2639 628 2665 aut
650 2632 816 2669 interfici,
843 2638 873 2664 et
899 2643 996 2663 suam
1019 2629 1256 2663 obedientiam

1267 290 1271 336 ἰ
1297 292 1366 325 tius
1378 289 1553 325 Ecclesiae
1570 304 1669 326 cura:
1699 293 1777 326 ideo
1794 293 1965 335 scriptum
1983 298 2032 326 est
2042 291 2170 325 Psalm.
2182 292 2277 326 122:

1297 341 1431 386 Rogate
1447 355 1535 387 quae
1551 344 1594 376 ad
1612 355 1731 387 pacem
1749 350 1831 377 sunt
1847 342 2082 377 Hierusalem.

1402 408 1536 452 Quinta
1570 416 1603 443 et
1634 417 1809 453 postrema
1833 409 2123 444 commonefactio
2157 415 2207 443 est
2239 409 2282 442 de

1298 460 1405 494 rebus
1420 460 1600 504 petendis,
1625 461 1659 493 id
1678 468 1751 502 est,
1777 468 1816 494 ut
1833 462 1869 494 in
1888 462 2059 505 petitione
2081 460 2282 504 expriman-

1272 532 1275 558 ἱ
1300 517 1359 544 tur
1375 511 1513 556 aliquae
1533 522 1588 543 res
1612 512 1826 545 necessariae
1842 513 1964 553 nobis,
1991 511 2188 551 Ecclesiae,
2214 511 2283 543 rei-

1274 587 1276 595 ,
1301 562 1474 606 publicae,
1499 563 1628 595 nostris
1645 562 1799 603 familiis,
1824 570 1857 596 et
1874 563 1962 605 aliis,
1991 575 2054 608 pro
2071 562 2201 607 quibus
2221 573 2283 605 pe·

1302 613 1419 647 timus.
1473 611 1565 647 Sunt
1587 619 1702 646 autem
1727 625 1781 646 res
1807 617 1994 657 petendae,
2030 624 2085 647 res
2106 625 2178 646 non
2204 624 2287 656 pro-

1303 661 1434 696 hibitae
1457 664 1633 696 mandatis
1656 663 1741 702 Dei,
1784 664 1872 698 sicut
1897 663 2072 698 lohannes
2093 662 2286 712 Apostolus

1303 713 1419 759 inquit
1450 712 1641 750 1.Ioh.5.:
1682 713 1862 759 Quicquid
1893 715 2064 760 petieritis
2092 715 2286 748 secundum

1276 788 1278 792 ,
1304 765 1521 799 voluntatem
1547 765 1642 808 eim,
1677 765 1775 799 dabit
1798 765 1914 806 vobis,
1944 766 1980 800 id
2006 772 2073 806 est,
2106 777 2180 798 non
2207 771 2289 798 sunt

1304 827 1359 848 res
1382 816 1551 858 petendae
1573 813 1774 859 prohibitae
1804 828 1822 849 a
1848 815 1941 849 Deo:
1984 828 2057 850 non
2081 823 2175 860 petat
2202 814 2287 849 Saul

1304 866 1382 900 tolli
1401 866 1577 899 Davidem
1590 894 1599 907 ,
1632 879 1705 900 non
1732 873 1826 911 petat
1845 865 1962 900 David
1987 866 2136 901 interfici
2153 864 2288 906 Uriam,

1306 917 1366 950 sed
1391 923 1509 961 petant
1532 928 1586 950 res
1613 918 1841 958 necessarias,
1881 929 2032 965 quarum
2056 917 2180 961 petitio
2204 928 2290 950 con-

1305 967 1400 1011 gruit
1415 980 1492 1001 cum
1506 966 1699 1011 Decalogo,
1733 975 1767 1002 et
1788 980 1867 1001 cum
1893 968 2026 1001 divinis
2045 967 2291 1010 promissioni-

1305 1019 1383 1054 hus.
1434 1018 1649 1064 Loquuntur
1665 1025 1779 1052 autem
1796 1019 1884 1052 aliae
1900 1019 2151 1063 promissiones
2168 1019 2211 1051 de
2227 1018 2293 1051 bo-

1305 1069 1361 1102 nis
1378 1069 1621 1113 spiritualibus
1633 1096 1642 1109 ‚
1672 1069 1760 1102 aliae
1776 1070 1818 1102 de
1834 1070 1937 1103 bonis
1954 1069 2215 1114 corporalibus,
2244 1069 2292 1102 si-

1306 1127 1365 1154 cut
1392 1121 1434 1153 de
1458 1120 1687 1154 distinctione
1710 1120 1988 1164 promissionum
2006 1119 2112 1166 paulo
2133 1126 2214 1153 ante
2236 1119 2293 1152 di-

1306 1177 1401 1204 ctum
1418 1177 1480 1206 est.

1408 1228 1461 1263 Ac
1484 1229 1560 1263 vult
1574 1227 1670 1263 Deus
1687 1230 1838 1263 exerceri
1857 1229 1961 1263 fidem
1980 1236 2014 1264 et
2032 1228 2292 1262 invocationem

1306 1281 1410 1314 etiam
1429 1281 1599 1324 petitione
1615 1280 1852 1324 corporalium
1870 1292 2006 1321 rerum,
2034 1280 2128 1313 iuxta
2146 1279 2293 1312 dictum:

1307 1329 1438 1363 Panem
1455 1337 1615 1364 nostrum
1632 1331 1880 1375 quotidianum
1898 1332 1941 1364 da
1958 1331 2062 1365 nobis
2077 1328 2199 1364 hodie:
2217 1329 2295 1364 vult

1306 1392 1325 1413 a
1350 1392 1386 1414 se
1410 1381 1479 1425 peti
1503 1380 1713 1421 consilium,
1756 1392 1933 1415 successus
1957 1381 1994 1414 in
2019 1381 2218 1415 vocatione:
2261 1388 2294 1414 et

1307 1438 1439 1465 caetera
1459 1431 1550 1465 vitae
1567 1431 1765 1464 commoda.
1827 1429 1872 1464 Et
1889 1431 2033 1475 quidem
2050 1431 2093 1464 de
2110 1430 2294 1465 vocatione

1307 1482 1436 1516 dicitur
1454 1479 1530 1516 loh.
1556 1479 1635 1515 15.:
1664 1481 1750 1516 Sine
1764 1493 1819 1514 me
1835 1479 1927 1514 nihil
1945 1481 2089 1526 potestis
2107 1481 2231 1515 facere.

1408 1548 1570 1594 Suntque
1602 1549 1809 1593 praecipuae
1841 1559 1965 1582 causae
1998 1554 2170 1593 quatuor,
2211 1559 2295 1592 pro-

1307 1607 1384 1645 pter
1414 1611 1500 1645 quas
1532 1600 1702 1644 praecipit
1725 1598 1840 1640 Deus,
1879 1605 1918 1633 ut
1948 1605 2107 1643 petamus
2137 1599 2296 1643 corporis

1307 1651 1413 1691 bona,
1441 1662 1590 1696 quarum
1606 1651 1718 1695 prima
1733 1657 1797 1683 est:
1825 1656 1864 1684 ut
1882 1660 2125 1694 agnoscamus,
2150 1657 2185 1684 et
2200 1656 2294 1684 certo

1308 1709 1519 1742 statuamus,
1546 1713 1619 1734 non
1639 1701 1816 1735 dominari
1835 1712 1953 1735 casum
1979 1701 2016 1733 in
2034 1696 2091 1733 bis
2113 1700 2218 1734 bonis
2235 1712 2295 1734 ex-

1308 1753 1435 1794 ternis,
1468 1764 1531 1786 nec
1555 1763 1593 1785 ea
1621 1759 1750 1786 temere
1774 1763 1835 1786 seu
1859 1752 2005 1786 fortuito
2028 1751 2164 1796 spargi,
2201 1758 2235 1785 et
2258 1751 2296 1785 in

1307 1804 1464 1838 medium
1490 1803 1689 1847 diripienda
1711 1803 1833 1844 abiici,
1865 1804 1924 1836 sed
1954 1802 2123 1845 singulari
2147 1802 2296 1837 consilio

1308 1853 1373 1889 Dei
1392 1861 1423 1888 et
1450 1854 1619 1898 singulari
1644 1855 1751 1888 modo
1777 1854 1872 1894 dari,
1906 1853 2073 1887 distribui
2095 1859 2127 1887 et
2152 1853 2296 1894 servari,

1309 1906 1512 1950 praesertim
1530 1905 1567 1938 in
1584 1903 1757 1939 Ecclesia:
1792 1911 1936 1949 propter
1959 1915 2064 1950 quam
2088 1903 2153 1937 toti
2175 1904 2294 1947 generi

1308 1954 1467 1990 humano
1486 1963 1610 1990 natura
1631 1968 1747 1989 rerum
1766 1962 1944 1995 servatur,
1970 1962 2010 1989 ut
2026 1951 2189 1988 Christus
2203 1955 2296 1989 clare

1307 2008 1393 2041 dicit
1416 2005 1609 2041 M.··uh.6.:
1644 2006 1718 2041 Scit
1744 2005 1846 2040 Pater
1873 2013 1987 2040 vester
2010 2005 2170 2039 coelestis
2195 2006 2296 2040 vobis

1308 2070 1397 2103 opus
1422 2069 1495 2091 esse
1520 2057 1724 2091 defensione
1747 2069 1947 2102 corporum.
2022 2055 2127 2097 Item,
2174 2056 2296 2092 multis

1309 2109 1507 2154 passeribus
1525 2109 1688 2142 meliores
1704 2109 1796 2144 estis.

1409 2168 1572 2203 Secunda
1595 2180 1696 2202 causa
1719 2175 1790 2208 est,
1831 2179 1893 2201 cur
1914 2180 1952 2201 ea
1978 2167 2048 2211 peti
2073 2165 2169 2201 Deus
2192 2166 2294 2201 velit:

1308 2220 1506 2254 utsciamus
1519 2220 1631 2264 ipsum
1642 2227 1864 2253 servaturum
1881 2216 2164 2257 esseEcclesiam,
2190 2217 2294 2250 etiam

1308 2272 1344 2305 in
1364 2269 1427 2304 bac
1447 2271 1516 2304 vita
1529 2299 1537 2311 ,
1553 2278 1583 2304 et
1601 2271 1793 2313 cogitemus
1810 2270 1846 2303 in
1864 2267 1928 2303 bac
1944 2268 2082 2303 mortali
2102 2268 2171 2301 vita
2187 2279 2294 2310 opor-

1308 2331 1381 2357 tere
1398 2320 1556 2356 inchoari
1568 2320 1772 2361 Ecclesiam,
1801 2322 1894 2355 iuxta
1914 2317 2294 2354 dictumPsatm.115.:

1308 2373 1387 2407 Non
1417 2373 1545 2407 mortui
1571 2374 1765 2407 laudabunt
1788 2379 1821 2405 te
1844 2371 2008 2405 Domine.
2077 2368 2197 2415 ltaque
2222 2381 2294 2404 non

1282 2418 1285 2437 ¹
1306 2425 1420 2458 solum
1439 2431 1557 2458 nostra
1573 2435 1674 2458 causa
1693 2429 1856 2468 petantur
1873 2423 1963 2455 bona
1983 2421 2159 2469 corporis,
2184 2421 2244 2455 sed
2261 2428 2295 2456 et

1307 2483 1450 2520 propter
1475 2487 1698 2509 communem
1716 2471 1891 2507 Ecclesiae
1917 2474 2175 2507 necessitatem:
2219 2471 2294 2505 sin-

1281 2526 1283 2533 ’
1307 2527 1378 2569 guli
1400 2534 1558 2571 petamus
1573 2525 1828 2567 mitigationem
1847 2524 2082 2563 miseriarum,
2108 2529 2147 2557 ut
2163 2523 2294 2557 servire

1280 2606 1282 2615 .
1307 2578 1481 2611 Ecclesiae
1498 2577 1690 2622 possimus,
1717 2583 1747 2610 et
1765 2583 1908 2624 propter
1927 2573 2018 2609 hane
2040 2584 2178 2609 causam
2205 2573 2294 2607 scia-

1281 2625 1402 2667 ¹mus.
1445 2628 1559 2663 Deum
1586 2625 1671 2662 haec
1706 2627 1873 2660 beneficia
1908 2627 1997 2660 velle
2026 2624 2163 2668 largiri.
2204 2624 2293 2660 sicut

270 2683 382 2716 ossert.
424 2681 492 2716 Nec
512 2684 665 2727 precatio
683 2683 758 2716 eius
775 2682 872 2716 irrita
892 2690 951 2722 est,
979 2681 1147 2726 recipitur
1163 2681 1255 2714 enim
1280 2714 1283 2723 ¹

1307 2692 1408 2725 saepe
1426 2686 1589 2717 testatur.
1618 2686 1652 2713 ut
1672 2691 1749 2712 cum
1766 2673 1983 2713 aitChris’tus
1993 2675 2120 2712 Matth.
2136 2675 2184 2711 6.:
2215 2674 2293 2709 Pri-
