2409 2915
286 97 357 133 103

284 183 455 218 humano.
515 179 568 215 Ex
600 178 666 213 hac
696 178 932 212 declaratione
962 177 1112 222 intelligi
1144 183 1269 221 potest,
1293 178 1298 241 1

287 232 379 269 hane
399 233 638 268 narrationem
662 230 701 262 in
716 236 811 264 textu
826 230 869 263 ad
888 229 1065 275 querelam
1083 229 1270 274 pertinere,

289 286 325 319 id
354 291 422 325 est,
457 281 728 326 descriptionem
758 291 829 314 esse
853 280 1073 314 miseriarum
1097 277 1270 313 humana-

289 348 368 369 rum
392 334 498 368 simili
521 333 626 365 modo
648 331 923 372 recurrentium,
957 331 1047 364 sicut
1071 337 1104 365 et
1125 329 1271 375 Thucy-

291 387 390 419 dides
412 383 545 429 inquit:
572 381 711 416 Similia
737 382 894 416 accidere
918 383 1029 415 donec
1051 388 1190 415 maneat
1215 393 1272 413 ea-

290 437 369 469 dem
406 432 591 467 hominum
623 439 768 473 natura,
810 433 895 466 alias
927 432 1110 477 aliquanto
1142 431 1273 469 mitius,

292 486 378 519 alias
409 485 590 530 aliquanto
621 484 772 518 atrocius
798 489 837 517 ut
861 483 980 517 ferunt
1001 483 1274 516 cicumstantiae.

292 536 490 570 Necessaria
514 542 563 568 est
583 542 699 568 autem
722 532 806 567 haec
832 533 1083 574 consideratio,
1113 540 1151 567 ut
1175 545 1274 577 prae-

292 587 418 620 moniti
442 596 686 631 praeparemus
710 595 774 617 nos
792 585 834 617 ad
854 584 1016 617 serendos
1035 585 1202 617 adversus
1219 595 1276 616 ca-

293 649 371 677 sus,
407 644 438 670 et
461 637 609 669 sciamus
633 647 651 668 a
674 633 749 668 Deo
773 636 964 678 petendum
988 635 1158 668 auxilium
1183 641 1217 667 et
1240 634 1276 666 in

294 701 334 722 eo
365 686 676 732 acquiescendum,
714 685 775 730 qui
808 685 1020 719 calamitates
1045 692 1078 719 et
1103 683 1278 718 Ecclesiae

294 745 327 772 et
348 737 512 781 privatim
536 736 783 769 invocantibus
801 736 953 779 mitigat,
980 743 1012 769 et
1030 748 1103 768 non
1120 735 1279 768 accendit

294 795 402 822 totam
424 788 512 820 iram
536 798 646 822 suam.
714 785 843 820 Obiter
865 794 980 820 autem
1007 787 1195 820 observent
1221 784 1279 818 bic

294 839 442 873 studiosi
466 838 577 876 dicta,
605 849 694 883 quae
719 837 910 877 affirmant,
939 837 1086 870 Terram
1112 844 1220 877 stare,
1248 842 1281 869 et

294 890 412 924 Solem
445 889 590 923 moveri.
655 886 816 922 Caeteras
840 885 1002 933 physicas
1026 887 1281 932 disputationes

294 947 430 974 omitto.

347 1057 433 1104 Ego
450 1056 692 1091 Ecclesiasles
701 1057 770 1105 sui
786 1068 851 1090 rex
868 1055 906 1089 in
926 1053 1132 1089 Ierusalem
1150 1060 1212 1091 etc.

397 1142 557 1176 Primum
581 1140 638 1176 hic
663 1142 750 1176 scias
769 1141 995 1175 Salomonem
1018 1152 1091 1173 non
1114 1140 1212 1186 loqui
1239 1141 1282 1173 de

297 1192 440 1240 physica
465 1193 764 1233 consideratione,
793 1192 830 1224 in
854 1204 921 1237 qua
944 1191 973 1224 si
998 1191 1055 1225 fiat
1072 1191 1189 1224 sobrie
1205 1191 1281 1224 ani-

296 1244 494 1278 madversio
511 1244 648 1277 ordinis
665 1250 697 1276 et
715 1243 798 1276 artis
815 1243 852 1275 in
869 1242 1009 1287 opificio
1028 1243 1172 1283 mundi,
1199 1242 1283 1275 illu-

297 1296 380 1329 stria
399 1294 599 1328 testimonia
615 1295 658 1327 de
674 1292 749 1327 Deo
766 1300 799 1326 et
816 1294 859 1326 de
875 1292 1097 1337 providentia
1114 1293 1280 1326 ostendit.

297 1345 366 1380 Sed
397 1345 557 1390 loquitur
577 1344 747 1378 Salomon
776 1345 819 1377 de
843 1343 1043 1389 Sapientia,
1075 1343 1109 1375 id
1134 1350 1204 1384 est,
1239 1344 1282 1375 de

297 1396 579 1430 consideratione
598 1395 840 1435 consiliorum,
859 1394 1037 1428 actionum
1050 1400 1082 1427 et
1092 1401 1280 1428 eventuum

296 1448 334 1480 in
357 1447 613 1491 gubernatione
638 1443 813 1486 humana,
841 1445 983 1489 politica
1003 1445 1059 1478 vel
1079 1445 1283 1478 oeconomi-

296 1510 346 1533 ca.
398 1497 482 1531 Ideo
504 1508 661 1541 expresse
684 1496 787 1535 dicit,
816 1508 852 1529 se
874 1495 1112 1529 considerasse
1136 1508 1174 1529 ea
1193 1507 1282 1541 quae

296 1555 378 1582 sunt
401 1549 466 1582 sub
483 1547 583 1586 Sole,
620 1548 655 1581 id
681 1554 749 1590 est,
779 1547 924 1580 consilia
947 1553 979 1580 et
1006 1553 1151 1580 eventus
1174 1546 1281 1579 actio-

296 1611 382 1632 num
399 1597 653 1639 humanarum,
681 1606 719 1631 ut
731 1597 902 1637 Pericles,
929 1594 1195 1637 Demosthenes,
1222 1596 1282 1631 Ci-

296 1661 394 1690 cero,
429 1655 511 1682 sunt
537 1649 711 1692 sapientes
734 1649 998 1691 gubernatores.
1065 1650 1114 1680 De
1141 1648 1201 1681 tali
1228 1659 1281 1681 sa-

295 1700 426 1744 pientia
443 1697 500 1732 hic
515 1699 674 1743 loquitur
689 1698 877 1739 Salomon,
908 1696 997 1731 hanc
1014 1697 1123 1741 ipsam
1142 1699 1281 1742 sapien-

295 1751 379 1784 tiam
396 1762 454 1783 seu
471 1749 745 1783 deliberationes
764 1749 801 1781 in
818 1748 1092 1792 gubernatione,
1120 1749 1282 1782 nominat

295 1802 422 1835 malam
455 1800 701 1840 afflictionem,
736 1807 769 1833 et
799 1799 897 1833 addit
928 1797 1133 1832 bominibus
1158 1812 1175 1832 a
1202 1800 1281 1833 Deo

295 1853 411 1886 datam
427 1863 509 1886 esse.
563 1850 658 1884 llaec
674 1851 840 1883 videntur
855 1850 1024 1889 absurda,
1051 1851 1109 1883 sed
1128 1850 1280 1893 primum

295 1903 541 1936 discernantur
562 1902 719 1941 vocatio,
747 1907 779 1934 et
805 1901 878 1943 ipsa
901 1899 1046 1933 Periclis
1068 1901 1121 1933 vel
1139 1899 1280 1934 Cicero-

297 1954 352 1986 nis
377 1953 545 1996 sapientia
571 1964 630 1984 seu
655 1951 875 1995 gubernatio.
930 1950 1076 1984 vocatio
1102 1951 1193 1983 bona
1220 1958 1281 1991 est,

297 2012 329 2038 et
361 2016 379 2037 a
404 2001 478 2036 Deo
509 2003 692 2041 ordinata,
728 2003 786 2035 sed
813 2002 871 2034 illa
897 2001 1067 2044 sapientia
1092 2002 1216 2035 rectrix
1245 2002 1280 2034 in

296 2054 447 2094 Pericle,
482 2061 533 2087 est
564 2053 708 2086 afflictio
740 2052 831 2085 mala
857 2052 1057 2096 dupliciter.
1120 2051 1278 2085 Primum

295 2117 400 2151 quam
423 2116 522 2148 saepe
543 2111 632 2137 errat
657 2104 693 2136 in
717 2103 894 2143 consiliis,
921 2103 1050 2135 deinde
1076 2103 1156 2147 quia
1176 2103 1279 2136 etiam

295 2157 398 2189 bonis
415 2155 571 2189 consiliis
588 2167 689 2199 saepe
706 2167 778 2187 non
798 2154 1010 2198 respondent
1027 2160 1183 2187 eventus.
1218 2151 1279 2187 Est

296 2207 402 2249 igitur
425 2206 587 2245 afflictio,
615 2206 649 2239 id
674 2212 742 2247 est,
770 2217 882 2249 poena
899 2217 959 2238 seu
975 2205 1166 2245 cruciatus,
1192 2205 1281 2238 sicut

294 2255 548 2292 Demosthenes
580 2257 714 2302 inquit,
750 2256 795 2290 Se
823 2256 927 2289 malle
950 2262 1041 2289 recta
1066 2256 1107 2288 ad
1133 2263 1278 2289 mortem

296 2315 361 2349 ire,
387 2319 491 2353 quam
517 2309 559 2340 ad
582 2319 736 2340 summos
755 2305 930 2348 honores,
953 2307 979 2339 si
1001 2313 1154 2340 retexere
1172 2307 1278 2340 vitam

296 2360 429 2393 liceret:
458 2365 490 2392 et
510 2356 701 2391 Aeschines
724 2358 789 2396 ait,
819 2358 985 2391 Gaudere
1008 2370 1043 2390 se
1068 2370 1085 2390 a
1104 2358 1279 2400 guberna-

297 2411 392 2443 tione
412 2409 508 2442 velut
531 2407 701 2442 a'rabiosa
722 2421 806 2442 cane
824 2409 1010 2442 liberatum
1032 2420 1114 2442 esse.
1169 2407 1279 2442 Deni-

297 2473 364 2506 que
394 2471 517 2493 omnes
545 2461 735 2504 prudentes
759 2461 1025 2503 patresfamilias
1049 2466 1080 2493 et
1105 2460 1280 2503 guberna-

296 2519 387 2545 tores
416 2511 571 2544 sentiunt
602 2511 740 2555 plenam
773 2522 844 2543 esse.
874 2511 1168 2553 gubernationem
1206 2524 1278 2543 non

298 2569 431 2595 tantum
471 2574 654 2601 curarum,
699 2562 758 2595 sed
796 2561 898 2594 etiam
934 2562 1279 2605 impedimentorum.

297 2625 474 2650 errorum,
503 2613 653 2645 tristium
681 2619 892 2650 eventuum,
920 2624 1008 2657 quae
1034 2613 1151 2646 omnia
1178 2614 1279 2646 valde

297 2670 451 2697 cruci-â€˜int
474 2675 619 2697 animos.

878 89 1004 126 PHlL.
1030 89 1146 127 MEL.
1174 88 1383 126 SCRIPTA
1410 86 1710 126 EXEGETICA.

2234 89 2308 127 104

1321 173 1529 210 Prometheo
1545 175 1648 209 affixo
1665 176 1709 209 ad
1720 172 1935 216 Caucasum,
1963 175 2006 209 de
2018 173 2170 221 Sisypho
2186 186 2307 210 saxum

1322 227 1507 267 volvente,
1534 233 1568 260 et
1585 227 1724 260 similia.

1426 276 1494 311 Sed
1514 289 1576 310 cur
1589 277 1696 318 dicit,
1722 276 1824 311 aDeo
1840 275 1931 311 hanc
1949 277 2176 311 afflictionem
2192 278 2309 312 datam

1324 327 1420 362 esse?
1472 326 1701 371 Respondeo:
1730 326 1955 362 Generaliter
1970 339 2091 362 verum
2109 334 2170 369 est,
2197 327 2310 362 Deum

1325 379 1416 412 velle
1447 389 1616 422 poenam,
1652 389 1876 423 nequaquam
1905 386 2022 414 tamen
2047 379 2131 412 inde
2153 380 2313 424 sequitur

1325 430 1440 464 Deum
1472 440 1611 463 causam
1642 440 1714 462 esse
1741 429 1884 473 peccati.
1944 429 2032 464 Vult
2056 429 2176 474 puniri
2200 429 2313 464 Nero-

1327 492 1428 520 nem,
1463 491 1526 513 nec
1550 487 1669 514 tamen
1693 481 1766 524 ipse
1792 479 1943 524 impellit
1966 493 2045 514 eum
2068 481 2113 514 ad
2138 481 2199 514 illa
2225 487 2314 514 tetra

1328 531 1476 571 scelera,
1503 531 1562 564 sed
1586 531 1671 564 sinit
1697 542 1776 564 eum
1798 542 1910 566 ruere.
1969 530 2020 565 Ita
2046 529 2105 565 hic
2129 532 2234 576 plana
2258 544 2315 565 re-

1329 581 1472 625 sponsio
1495 588 1562 623 est,
1585 581 1682 616 Deus
1699 582 1783 614 sinit
1800 593 1916 614 errare
1932 582 2202 625 gubernatores,
2230 583 2316 616 sinit

1331 633 1486 666 accidere
1501 633 1751 676 impedimenta
1770 639 1803 666 et
1819 632 1934 666 tristes
1951 639 2112 673 eventus,
2137 640 2177 666 ut
2193 634 2318 676 puniat

1331 682 1520 717 humanam
1540 684 1780 717 temeritatem.
1836 682 1943 722 Item,
1969 689 2008 716 ut
2026 684 2318 717 commonefaciat

1332 734 1487 779 aliquos,
1514 745 1558 767 ne
1575 735 1817 779 obsequantur
1832 734 2104 777 cupiditatibus,
2131 734 2318 768 ambitioni

1332 791 1393 818 aut
1411 784 1624 818 curiositati.
1652 786 1710 818 sed
1730 792 1768 819 ut
1783 792 1918 819 mentes
1935 785 1973 818 in
1991 785 2174 818 vocatione
2194 796 2318 828 regan-

1333 843 1391 870 tur
1422 836 1530 868 verbo
1554 834 1637 877 Dei,
1667 843 1699 870 et
1729 836 1820 869 intra
1847 847 1904 869 eas
1928 843 2035 869 metas
2057 835 2319 877 contineantur,

1333 893 1452 930 petant
1474 893 1507 919 et
1529 894 1710 930 expectent
1723 887 1895 920 secundos
1911 893 2055 920 eventus
2070 897 2090 920 a
2105 887 2202 927 Deo,
2229 895 2262 920 et
2281 887 2318 920 in

1334 937 1493 971 tristibus
1517 937 1700 970 eventibus
1724 936 1799 971 Deo
1823 938 2078 982 obtemperent.
2131 936 2240 970 Iosias
2263 938 2318 970 in-

1335 988 1402 1021 fert
1427 988 1560 1022 bellum
1578 987 1751 1033 Aegyptio
1774 1000 1847 1021 non
1864 989 2113 1022 necessarium.
2167 987 2320 1021 Pericles

1334 1046 1452 1072 movet
1468 1039 1599 1072 bellum
1618 1039 1866 1083 inquietudine
1880 1039 1989 1072 animi
2005 1046 2039 1073 et
2056 1041 2320 1086 Ï€Î¿Î»Ï…Ï€ÏÎ±Î³Î¼Î¿-

1336 1086 1442 1134 Ïƒá½»Î½á¿ƒ.
1505 1088 1642 1123 Marius
1666 1089 1870 1124 ambitione.
1930 1088 1978 1122 Hi
2002 1097 2121 1124 errant
2144 1090 2180 1122 in
2204 1090 2321 1123 consi-

1335 1141 1402 1174 liis.
1456 1140 1566 1184 Saepe
1583 1152 1664 1174 vero
1680 1140 1784 1174 etiam
1797 1140 1901 1173 b'onis
1917 1140 2073 1173 consiliis
2089 1153 2160 1174 uon
2176 1152 2322 1185 respon-

1336 1192 1419 1224 dent
1451 1198 1613 1232 eventus,
1646 1198 1684 1224 ut
1710 1190 1888 1224 lsrae'litae
1920 1202 2020 1234 saepe
2046 1191 2233 1224 infeliciter
2256 1203 2322 1235 pu-

1335 1249 1444 1285 gnant
1468 1242 1572 1275 etiam
1599 1242 1635 1274 in
1661 1253 1760 1274 causa
1787 1241 1994 1281 iustissima,
2019 1247 2057 1274 ut
2073 1253 2152 1275 cum
2172 1241 2323 1275 vincun-

1336 1299 1394 1326 tur
1413 1305 1430 1326 a
1450 1291 1677 1331 Beniamitis,
1703 1292 1785 1336 quia
1804 1290 1897 1324 Deus
1916 1292 2058 1324 volebat
2073 1298 2242 1337 utrosque
2258 1304 2324 1336 pu-

1336 1343 1417 1377 niri.
1470 1342 1556 1376 Vult
1585 1343 1688 1375 etiam
1721 1343 1864 1383 (locere,
1897 1354 1941 1374 ne
1971 1343 2091 1375 confisi
2122 1350 2242 1376 nostra
2268 1353 2323 1376 saâ€”

1336 1394 1466 1437 pientia
1497 1399 1557 1427 aut
1581 1392 1736 1437 potentia
1759 1404 1962 1426 moveamus
1987 1404 2041 1426 res
2065 1405 2137 1426 non
2164 1404 2321 1427 necessa-

1335 1445 1416 1479 rias,
1469 1443 1575 1485 Item,
1603 1450 1642 1477 ut
1664 1444 1701 1476 in
1723 1443 1926 1476 necessariis
1944 1443 2053 1477 simus
2070 1441 2243 1485 humiles,
2271 1444 2322 1477 fa-

1335 1502 1471 1529 teamur
1493 1506 1556 1528 nos
1574 1506 1722 1538 poenam
1743 1494 1886 1528 meritos
1905 1506 1986 1528 esse.
2043 1493 2149 1534 Item,
2177 1495 2243 1528 fide
2263 1506 2323 1539 pe-

1335 1553 1448 1579 tamus
1472 1553 1504 1580 et
1521 1553 1740 1590 expectemus
1757 1546 1869 1578 honos
1887 1552 2032 1578 eventus
2049 1557 2066 1578 a
2083 1543 2170 1579 Deo.
2227 1544 2324 1586 Item,

1335 1603 1374 1630 ut
1388 1595 1463 1630 Deo
1488 1597 1767 1640 obtemperemus
1791 1596 1895 1629 etiam
1920 1608 1998 1629 cum
2023 1608 2088 1629 nos
2111 1596 2233 1639 punit,
2261 1607 2325 1629 nec

1336 1648 1395 1681 dat
1418 1655 1564 1681 eventus
1583 1647 1703 1692 quales
1720 1653 1894 1691 optamus.
1948 1646 1988 1679 In
2006 1644 2098 1679 hanc
2113 1647 2324 1680 sententiam

1335 1698 1451 1742 inquit
1473 1696 1565 1731 hanc
1588 1698 1815 1731 afflictionem
1839 1697 2012 1731 divinitus
2033 1697 2233 1741 impositam
2253 1708 2325 1731 esse

1335 1748 1454 1792 generi
1472 1746 1646 1789 humano,
1673 1748 1753 1793 quia
1771 1747 1967 1780 communis
1983 1747 2122 1780 miseria
2141 1754 2209 1787 est,
2236 1759 2325 1792 quae

1335 1806 1502 1844 tanquam
1536 1811 1648 1843 poena
1674 1799 1862 1832 comitatur
1888 1798 2094 1842 pravitatem
2120 1804 2266 1831 naturae
2291 1804 2324 1832 et

1335 1850 1444 1883 multa
1463 1857 1611 1893 peccata.

1386 1931 1550 1967 Locutus
1581 1946 1660 1966 sum
1693 1934 1731 1967 in
1758 1931 1862 1967 corde
1885 1946 1962 1967 meo
1985 1939 2046 1970 etc.
2106 1931 2222 1968 Mens
2242 1946 2322 1969 mea

1438 1983 1682 2031 contortiplata
1711 1989 1761 2018 est
1793 1982 1911 2018 multa
1942 1985 2126 2031 sapienter
2149 1990 2209 2019 elc.
2263 1983 2324 2019 Eo

1437 2034 1538 2083 quod
1564 2035 1601 2069 in
1628 2035 1746 2069 mulla
1772 2035 1974 2082 snpientia,
2009 2034 2127 2069 multa
2151 2036 2199 2070 sil
2225 2034 2324 2070 indi-

1433 2087 1582 2132 gnulio,
1618 2092 1648 2120 e!
1680 2087 1746 2135 qui
1771 2084 1878 2120 addit
1908 2086 2120 2125 scientiam,
2155 2085 2263 2121 addit
2293 2092 2323 2121 el

1436 2135 1610 2173 dolorem.

1437 2204 1482 2239 Ut
1508 2217 1610 2248 supra
1636 2206 1768 2239 dictum
1785 2212 1832 2239 est
1847 2233 1854 2243 ,
1883 2218 1955 2238 non
1976 2206 2136 2251 loquitur
2153 2205 2322 2240 Salomon

1335 2257 1377 2289 de
1397 2254 1539 2301 physica
1558 2257 1840 2289 consideratione
1857 2257 1994 2290 ordinis
2011 2257 2045 2289 in
2061 2256 2201 2300 opificio
2218 2269 2324 2290 mun-

1334 2308 1369 2340 â€¹li
1382 2332 1390 2345 ,
1415 2314 1474 2341 ant
1491 2308 1692 2350 cognitione.
1710 2308 1805 2340 verbi
1818 2306 1882 2341 Dei
1895 2334 1903 2347 ,
1931 2309 1988 2340 sed
2007 2307 2165 2352 loquitur
2180 2308 2223 2340 de
2236 2320 2324 2341 con-

1334 2358 1547 2392 sideratione
1578 2359 1826 2398 consiliorum,
1860 2358 2040 2391 actionum
2075 2365 2106 2391 et
2131 2365 2322 2393 eventuum

1334 2407 1592 2447 bumanorum.
1630 2411 1665 2443 in
1695 2410 1824 2455 quibus
1849 2409 2026 2442 cernimus
2049 2409 2156 2443 vitam
2180 2409 2321 2454 plenam

1334 2472 1405 2496 esse
1427 2461 1695 2501 confusionum,
1722 2471 1901 2496 errorum.
1931 2460 2099 2493 vitiorum
2124 2467 2157 2494 et
2177 2461 2321 2495 calami-

1333 2518 1456 2545 tatum.
1509 2512 1746 2556 Sapientiores
1779 2518 1811 2544 et
1843 2511 1969 2545 versati
2003 2512 2039 2544 in
2064 2512 2321 2555 gubernatione

1333 2564 1478 2607 propius
1495 2571 1642 2596 cernunt
1662 2563 1858 2607 praesentia
1876 2563 1966 2595 mala
1979 2590 1987 2600 ,
2015 2570 2046 2596 et
2065 2563 2196 2596 multos
2213 2570 2321 2598 tetros

1333 2626 1430 2647 casus
1448 2615 1583 2647 futuros
1600 2626 1637 2647 ex
1656 2615 1900 2658 praesentibus
1918 2614 2186 2649 ratiocinantur.
2236 2613 2320 2650 Ideo

674 2663 765 2697 llinc
785 2663 842 2697 illa
862 2665 1022 2708 poemata
1041 2664 1116 2697 fieta
1136 2671 1214 2698 sunt
1236 2665 1279 2697 de
1304 2677 1307 2697 Î¹
1333 2676 1460 2706 niagno
1486 2666 1608 2699 dolore
1635 2665 1880 2699 excruciantur
1903 2672 2046 2709 propter
2071 2673 2271 2709 praesentes
2287 2673 2319 2701 et
