2409 2915
262 124 337 157 675

268 209 399 251 digeuii
426 203 686 237 communicare
710 202 824 244 possit.
880 200 966 235 Item
985 199 1077 234 Gen.
1095 201 1128 234 3.
1158 199 1252 235 Deus

269 258 398 302 iuquit:
439 255 477 288 lu
510 256 637 287 sudore
667 253 784 286 vultus
816 253 863 286 tui
895 251 1042 284 vesceris
1066 264 1154 296 pane
1178 258 1250 284 tuo.

274 309 355 342 ltem
375 307 501 339 Psalm.
524 305 622 339 128.:
651 303 807 337 Labores
830 314 997 335 manuum
1014 309 1155 336 tuarum
1172 300 1252 346 quia
1279 318 1281 327 ι

269 357 509 396 manducabis,
536 357 659 388 beatus
676 365 723 394 es,
750 361 784 387 et
802 355 890 386 bene
906 353 968 386 tibi
987 353 1063 388 erit,
1114 350 1161 386 Et
1178 362 1254 395 pas-

271 409 335 441 sim
349 415 480 441 exstaut
494 407 664 450 plurimae
675 405 865 438 sententiae
877 403 1029 442 divinae,
1052 415 1140 448 quae
1155 413 1255 447 prae·
1281 417 1283 422 ·

272 459 407 503 cipiunt
425 458 561 491 labores
577 457 686 490 iustos
701 461 933 498 congruentes
951 454 1140 488 vocationi.

375 517 424 550 Ac
439 523 489 549 est
504 516 612 560 ipsius
627 520 772 547 naturae
789 513 1006 557 rationisque
1021 510 1258 557 praescriptio,

273 570 344 601 imo
369 568 533 601 voluntas
548 566 632 605 Dei,
659 571 697 597 ut
719 563 969 607 paterfamilias
992 561 1115 596 habeat
1139 573 1257 594 neces-

276 620 366 653 saria
394 618 520 654 victui,
558 623 589 649 et
612 615 793 648 laboribus
817 614 992 648 vocationi
1016 611 1258 646 convenienti-

276 672 341 703 bus
363 675 458 713 paret
483 667 681 704 facultates,
709 671 833 708 augeat
857 671 890 698 et
911 671 1050 699 tueatur
1067 676 1140 697 rem
1158 662 1259 696 fami-

276 721 411 753 liarem.
464 717 559 751 Haec
582 717 694 751 virtus
715 727 840 760 nempe
864 715 1030 748 sedulitas
1049 721 1140 748 recte
1156 720 1186 747 et
1203 725 1260 746 or-

277 771 360 803 dine
391 780 564 816 quaerens
595 769 745 806 victum,
781 778 907 810 parans
938 777 1040 810 opes,
1076 771 1260 809 partasque.

278 821 458 854 facultates
487 829 716 854 conservans,
748 815 822 849 Deo
856 817 984 860 placet,
1021 827 1060 849 ac
1084 813 1260 848 nominari

279 878 390 915 potest
420 869 624 904 oeconomia
656 867 806 911 diligens
833 879 871 901 ac
897 868 1006 906 iusta,
1045 872 1076 899 et
1101 865 1262 898 ordinata

279 922 464 956 divinitus.

381 979 544 1014 Extrema
570 990 650 1011 vero
674 988 732 1010 seu
757 976 840 1009 vitia
865 975 1040 1008 contraria
1058 972 1165 1008 huius
1181 973 1263 1007 dili-

281 1031 416 1073 gentiae
441 1037 538 1063 sunt:
575 1029 743 1065 alterum,
773 1026 1018 1071 prodigalitas,
1048 1024 1264 1069 profusioni-

283 1084 346 1114 bus
368 1078 577 1114 exhauriens
599 1078 798 1118 facultates,
825 1077 972 1109 alterum
998 1076 1164 1115 avaritia,
1190 1087 1265 1108 sor-

281 1133 402 1171 dibus,
429 1131 550 1171 furtis,
578 1137 610 1163 et
627 1129 814 1173 rapacitate
828 1138 999 1172 quaerens
1016 1126 1170 1161 divitias.

382 1196 448 1232 Est
464 1203 579 1231 autem
597 1194 776 1236 avaritia,
803 1194 892 1228 velle
907 1206 1050 1239 quoquo
1067 1194 1172 1227 modo
1189 1205 1266 1226 cor-

283 1251 404 1284 radere
428 1256 463 1283 et
486 1247 704 1281 accumulare
731 1257 832 1290 opes,
860 1245 1022 1278 videlicet
1047 1244 1153 1277 lucris
1172 1244 1267 1277 iniu-

283 1302 344 1335 stis
370 1300 546 1344 variisque
571 1297 705 1341 rapinis
728 1304 761 1329 et
782 1296 903 1336 furtis,
929 1302 1003 1329 tum
1029 1294 1174 1328 occultis
1192 1301 1265 1327 tum

284 1350 494 1390 manifestis,
520 1355 560 1382 ut
582 1360 660 1381 cum
680 1347 824 1381 vitiosae
841 1347 1045 1390 fucataeque
1062 1355 1192 1377 merces
1209 1356 1267 1376 ex-

284 1403 494 1439 truduntur,
520 1411 598 1432 cum
622 1397 722 1441 panis
745 1404 777 1430 et
801 1396 965 1436 cerevisia
989 1401 1268 1438 corrumpuntur

284 1465 321 1485 ac
346 1454 603 1496 depravantur,
636 1460 714 1481 cum
740 1447 891 1480 adulteri
915 1445 1053 1479 nummi
1079 1457 1142 1489 pro
1166 1444 1268 1477 bonis

285 1502 490 1540 solvuntur,
518 1511 596 1533 cum
618 1498 852 1531 fraudulentis
870 1496 1136 1530 venditionibus
1153 1504 1184 1530 et
1203 1495 1268 1527 im-

286 1553 438 1598 posturis
474 1551 590 1584 alieno
627 1554 813 1583 struuntur
845 1547 1010 1585 insidiae,
1053 1549 1132 1579 c'um
1164 1545 1269 1578 variis

286 1602 521 1648 praetextibus
548 1598 700 1633 sumitur
725 1605 906 1636 mutuum„
934 1609 997 1630 nec
1015 1597 1164 1629 fideliter
1183 1607 1269 1639 pen-

287 1655 383 1687 ditur
402 1651 570 1698 quicquid
589 1650 669 1683 aliis
688 1649 845 1682 debetur.
899 1647 984 1681 Item
1006 1659 1085 1681 cum
1103 1653 1271 1691 petuntur

286 1716 430 1742 usurae,
467 1715 545 1736 cum
573 1706 777 1734 exercentur
799 1699 945 1742 aucupia
974 1698 1141 1742 pecuniae
1164 1709 1270 1742 quae-

286 1757 415 1789 rendae
445 1754 592 1791 iniusta,
625 1763 702 1784 cum
728 1748 880 1795 denique
906 1749 1058 1783 violatur
1080 1748 1271 1794 aequalitas

287 1814 317 1840 et
337 1805 465 1840 iustitia
484 1805 520 1837 in
541 1801 790 1836 defraudandis
809 1801 897 1833 aliis.

389 1863 483 1897 llaec
512 1861 630 1895 omnia
664 1858 900 1904 prohibentur
929 1859 965 1891 in
997 1858 1145 1902 septimo
1171 1869 1272 1901 prae-

288 1923 403 1959 cepto:
434 1914 513 1947 Non
531 1915 664 1946 furtum
681 1911 795 1943 facies.
848 1909 918 1942 Nee
936 1909 1067 1950 indiget
1083 1909 1270 1952 quicquam

289 1966 415 1999 hurum
434 1964 566 2008 prolixa
586 1961 840 1998 declaratione,
866 1960 923 1991 sed
943 1959 1071 2000 singuli
1086 1969 1158 1990 sese
1175 1970 1271 1990 seru*-

291 2024 428 2054 tentur‚
456 2021 486 2047 et
511 2013 810 2049 animadvertant,
837 2010 896 2042 ubi
923 2009 1071 2042 fideliter
1095 2015 1127 2041 et
1146 2008 1271 2041 caudi,-

289 2070 349 2106 de,
384 2066 442 2099 ubi
472 2062 640 2097 fallaciter
671 2070 701 2095 et
737 2061 903 2093 insidiose.
933 2067 1056 2103 agant,
1089 2070 1273 2102 moresque

290 2131 369 2152 suos
389 2117 585 2149 emendent.
639 2112 732 2156 Quia
755 2112 832 2145 talis
850 2110 1020 2144 iniustitia
1042 2121 1113 2142 non
1132 2115 1177 2141 est
1199 2109 1273 2141 leve

290 2174 479 2213 peccatum.
508 2167 565 2199 sed
584 2165 676 2209 quod
691 2163 785 2196 Deus
801 2169 831 2195 et
851 2162 884 2193 iu
903 2159 965 2193 hac
980 2161 1048 2193 vita
1063 2159 1164 2203 punit
1178 2166 1272 2192 atro·

290 2221 388 2254 cibus
415 2217 554 2262 poeuis,
591 2222 621 2249 et
649 2215 774 2258 puniet
797 2212 947 2246 aeternis
973 2210 1169 2254 suppliciis,
1205 2209 1272 2243 nisi

290 2273 343 2303 frit
365 2268 545 2301 conversio
561 2267 601 2299 ad
615 2264 739 2300 Deum.
792 2263 849 2297 Sic
865 2263 946 2295 dicit
966 2261 1083 2295 Esaias
1095 2263 1172 2296 33.:
1202 2259 1274 2293 Vae

291 2322 349 2366 qui
374 2320 520 2362 spolias,
555 2317 634 2362 quia
662 2314 878 2360 spoliaberis.
948 2311 1067 2356 ltaque
1091 2312 1273 2344 manifeste

293 2387 304 2402 x
317 2371 416 2404 idetis
433 2376 623 2401 crescente-s
640 2367 799 2411 pecul-otu
817 2371 847 2398 et
866 2363 970 2397 variis
987 2363 1185 2397 fraudibus,
1215 2374 1272 2394 ex-

292 2423 359 2454 suti
386 2422 524 2454 tandem
548 2418 710 2451 fortunis.
770 2414 815 2451 Et
839 2416 883 2448 al»
906 2413 1115 2458 experientia
1140 2413 1272 2445 dictum

293 2474 377 2506 illud
415 2478 529 2503 ortum
564 2477 627 2501 est:
677 2467 769 2500 &tato
804 2473 900 2507 pai-tn
933 2465 1020 2497 male
1053 2464 1272 2496 dilabuutur.

294 2524 341 2557 lta
358 2522 485 2555 l‘aulus
515 2521 626 2565 iuquit
660 2521 687 2552 l.
705 2519 786 2551 (lor.
805 2518 854 2551 (ὶτ
891 2516 1049 2549 ΑιΙιιΙΙιϊί
1065 2542 1072 2553 ,
1102 2517 1191 2547 luri-s
1212 2522 1272 2546 etc.

292 2588 360 2607 uun
381 2579 480 2605 eruut
500 2570 665 2604 haeredes
688 2569 748 2601 l)‹·i
770 2576 799 2601 et
820 2568 910 2600 vitae
928 2574 1098 2600 aeternae.

392 2629 501 2662 Porro
523 2636 552 2661 ‹·t
575 2627 656 2660 hwr
675 2635 720 2660 est
740 2626 905 2658 avaritiae
924 2623 1068 2667 species,
1096 2635 1132 2655 ac
1153 2623 1272 2662 ing-»us

293 2687 486 2725 pecodum,
519 2692 596 2713 cum
622 2678 805 2723 pectini-ie,
835 2688 916 2721 opes
941 2682 970 2707 et
997 2674 1115 2718 copiae
1142 2675 1269 2705 auto-so·-

862 115 983 150 Ptin„
1014 114 1126 151 MEL.
1154 111 1364 149 SCRIPTA
1393 110 1686 148 EXEGETICA.

2212 108 2287 144 676

1278 205 1433 235 :runtur
1476 199 1554 244 piae
1600 198 1780 232 doctrinae
1822 203 1926 241 atque
1960 196 2096 230 veritati
2135 195 2287 229 divinae.

1279 279 1281 292 ι

1279 297 1281 317 l

1279 331 1283 362 5

1306 249 1470 293 Quantus
1493 256 1542 282 est
1565 249 1602 282 in
1620 249 1782 293 plurimis
1800 247 2002 290 regionibus
2018 243 2146 279 horum
2164 256 2269 278 nume
2282 267 2290 272 -

1308 300 1390 334 rus?
1423 301 1484 345 qui
1516 300 1631 343 agnita
1658 300 1803 333 veritate
1828 305 1942 331 tamen
1969 296 2108 339 fugiunt
2135 295 2288 339 pericula

1308 351 1545 389 confusionis,
1572 350 1643 383 imo
1666 357 1697 384 et
1715 349 1991 394 persecutionem
2011 359 2069 380 seu
2091 345 2290 390 oppressio-

1309 413 1387 434 nem
1414 401 1566 445 purioris
1583 401 1763 433 doctrinae
1780 399 1966 433 stabiliunt
1985 405 2018 431 et
2033 398 2220 433 adiuvant,
2248 407 2291 428 ne

1309 452 1528 494 dignitatem,
1556 451 1661 490 bona,
1688 451 1828 484 divitias
1840 462 1878 483 ac
1890 448 2181 493 tranquillitatem
2195 458 2291 478 suani

1312 503 1347 535 in
1367 502 1553 535 discrimen
1573 501 1719 534 aflerant
1735 501 1789 533 vel
1808 501 1981 534 amittant.

1413 567 1475 602 Est
1499 575 1529 601 et
1548 565 1632 600 haec
1648 566 1814 600 avaritiae
1831 567 1976 611 species,
2004 576 2082 598 cum
2099 561 2205 596 habes
2222 573 2294 593 me-

1285 635 1287 647 =
1312 620 1448 653 diocres
1470 619 1668 656 facultates,
1696 629 1759 650 nec
1784 617 1835 650 vis
1861 629 1924 661 pro
1948 623 2008 649 tuo
2033 615 2138 648 modo
2162 619 2195 647 et
2218 613 2296 646 loco

1313 672 1498 714 decerpere
1522 669 1655 714 aliquid
1674 667 1769 707 Deo,
1796 675 1828 701 et
1852 667 2010 700 conserte
2033 678 2112 699 cum
2141 665 2184 698 ad
2209 675 2295 697 con—

1314 721 1545 754 servationem
1575 718 1762 752 ministerii
1786 717 1979 760 Ecclesiae,
2013 723 2087 750 tum
2113 715 2156 749 ad
2179 713 2298 748 suble-

1315 773 1446 804 vandas
1478 770 1701 803 difficultates
1734 781 1813 801 vere
1845 767 2040 811 egentium,
2070 766 2158 799 sicut
2184 764 2296 798 Nabal

1316 823 1459 855 nolebat
1486 814 1606 854 iuvare
1630 819 1820 859 Davidem,
1856 829 1960 863 quem
1989 824 2103 851 tamen
2135 826 2298 860 praesens
2346 832 2350 840 r

1316 873 1449 906 occasio
1467 872 1532 915 ipsi
1550 871 1829 904 commendabat.

1420 937 1598 972 Avaritiae
1631 937 1811 981 speciebus
1845 935 2150 969 annumerandum
2186 940 2235 966 est
2267 938 2299 965 et

1318 989 1384 1024 boc
1409 990 1504 1023 triste
1529 995 1724 1032 peccatum,
1750 988 1893 1033 quando
1917 998 1976 1019 cor
1998 993 2096 1019 tuum
2118 983 2227 1027 magis
2243 995 2300 1016 ac-

1318 1041 1463 1086 quiescit
1504 1047 1536 1073 et
1574 1039 1701 1072 nititur
1731 1038 1856 1071 fiducia
1891 1037 2072 1083 pecuniae,
2114 1033 2301 1079 potentiae,

1319 1105 1444 1136 opum,
1472 1103 1576 1136 quam
1603 1090 1669 1122 fide
1693 1088 1906 1133 praesentiae
1929 1094 1962 1120 et
1980 1085 2148 1120 bonitatis
2163 1084 2303 1118 divinae

1319 1155 1398 1176 cum
1434 1153 1575 1175 securus
1617 1152 1679 1173 nec
1707 1151 1897 1183 agnoscens
1928 1144 2023 1170 tuam
2054 1135 2304 1173 infirmitatem⁸

1319 1193 1406 1227 sinis
1429 1193 1464 1225 in
1492 1193 1596 1226 corde
1621 1198 1680 1225 tuo
1698 1189 1869 1232 exstingui
1889 1196 1920 1222 et
1937 1188 2098 1222 timorem
2115 1184 2181 1220 Dei
2197 1191 2231 1219 et
2247 1184 2304 1217 in-

1321 1244 1558 1283 vocationem,
1593 1248 1624 1275 et
1653 1253 1740 1273 vana
1765 1240 1890 1273 fiducia
1915 1239 2138 1283 propriarum
2162 1234 2305 1270 divitia-

1320 1307 1398 1328 rum
1425 1293 1564 1339 quaeris
1587 1292 1799 1335 voluptates,
1833 1290 1994 1333 indulges
2018 1286 2202 1333 cupiditati
2226 1285 2306 1319 vin-

1320 1345 1432 1378 dictae
1448 1351 1512 1378 etc.
1568 1342 1668 1385 Quae
1685 1342 1826 1386 quidem
1843 1347 1925 1374 sunt
1942 1351 2087 1379 arcana,
2113 1339 2174 1371 sed
2193 1336 2304 1370 tristia

1321 1402 1353 1428 et
1376 1402 1462 1428 tetra
1489 1400 1645 1438 peccata,
1679 1394 1722 1425 de
1747 1391 1876 1436 quibus
1902 1391 1970 1423 iam
1996 1389 2172 1434 copiosius
2195 1388 2306 1421 disse-

1321 1446 1422 1479 rendi
1442 1445 1537 1478 locus
1555 1441 1649 1477 haud
1668 1442 1782 1476 fuerit.

1424 1510 1556 1546 Omnia
1574 1509 1659 1544 haec
1674 1516 1810 1554 peccata
1828 1506 2061 1552 prohibentur
2078 1507 2114 1539 in
2129 1504 2195 1540 hoc
2211 1505 2305 1539 dicto

1321 1561 1473 1597 Christi:
1501 1561 1619 1595 Nolite
1646 1561 1745 1593 vobis
1763 1559 1926 1601 colligere
1943 1556 2124 1591 thesauros
2136 1583 2145 1597 ,
2171 1556 2208 1589 in
2226 1556 2307 1600 qui-

1323 1615 1388 1647 bus
1419 1624 1478 1646 cor
1512 1613 1608 1645 velut
1641 1609 1850 1643 inhaerescit
1883 1616 1914 1642 et
1939 1607 2146 1653 acquiescit,
2175 1606 2308 1651 quique

1324 1664 1434 1709 pluris
1451 1663 1502 1695 illi
1520 1668 1601 1695 sunt
1618 1673 1722 1707 quam
1739 1660 1834 1694 Deus
1850 1660 1935 1704 ipse.
1989 1658 2177 1702 Propterea
2191 1655 2308 1690 addit:

1325 1715 1394 1750 Ubi
1408 1726 1481 1747 -cor
1503 1721 1624 1752 tuum,
1652 1712 1700 1745 ibi
1722 1709 1906 1745 thesaurus
1921 1716 2020 1746 tuus.
2049 1709 2143 1753 quod
2161 1706 2308 1741 omnino

1325 1778 1446 1799 verum
1472 1771 1522 1798 est
1547 1764 1590 1796 (le
1614 1762 1746 1799 avaris,
1774 1761 1834 1806 qui
1859 1761 1972 1800 lucra,
2000 1759 2142 1793 divitias
2155 1764 2187 1792 et
2205 1759 2310 1792 πλεο-

1324 1813 1533 1861 νεκτήματα
1560 1826 1620 1848 sua
1644 1813 1755 1847 multo
1779 1812 1890 1856 pluris
1911 1812 2044 1845 faciunt
2066 1817 2099 1844 et
2114 1809 2310 1850 aestimant,

1325 1880 1429 1913 quam
1448 1865 1574 1901 Deum.

1556 1990 1566 1998 ,
1585 1959 1650 1992 De
1683 1954 2050 2001 prodigalitate.

1427 2034 1479 2067 De.
1509 2031 1753 2076 prodigalitate
1780 2041 1851 2062 uun
1874 2029 1984 2060 dicam
2010 2026 2159 2070 prolixe,
2194 2027 2309 2072 loqui-

1326 2093 1383 2119 tur
1404 2086 1496 2118 euim
1522 2095 1576 2116 res
1598 2082 1688 2125 ipsa,
1716 2088 1750 2113 ut
1770 2079 1879 2112 cuixis
1897 2078 2118 2121 perspicuum
2134 2084 2200 2118 est,
2226 2089 2311 2122 pro-

1327 2137 1443 2180 digus.
1472 2135 1531 2179 qui
1558 2133 1736 2166 facultates
1760 2141 1838 2163 suas
1864 2130 1898 2161 iu
1925 2139 1977 2161 res
2003 2140 2074 2160 uon
2100 2128 2311 2162 necessarias

1327 2199 1388 2231 per
1404 2188 1523 2219 luxum
1543 2191 1600 2217 aut
1616 2195 1678 2227 per
1695 2194 1822 2215 vanum
1841 2180 1994 2213 studium
2012 2178 2211 2212 ostentandi
2228 2190 2312 2223 opes

1327 2239 1579 2282 profuderunt,
1606 2240 1726 2266 exutus
1750 2230 1971 2276 patrimoniis
1994 2229 2132 2262 tandem
2151 2230 2310 2263 converti

1326 2290 1366 2322 ad
1402 2289 1492 2322 furta
1523 2294 1553 2319 et
1577 2285 1737 2329 rapinas,
1770 2291 1827 2315 aut
1854 2282 2014 2323 ignavam
2037 2279 2310 2317 mendicitatem.

1326 2352 1413 2385 quae
1432 2346 1461 2371 et
1481 2339 1553 2382 ipsa
1571 2337 1741 2381 quai-dam
1761 2333 1843 2366 furti
1859 2330 1989 2376 species
2006 2336 2067 2363 est.

1497 2422 1588 2455 lliuc
1607 2417 1762 2465 rhythmi
1780 2414 1983 2449 Germanici
2003 2414 2140 2447 dicunt:

1580 2488 1650 2518 msa
1675 2487 1751 2517 uit-br
1776 2484 1823 2512 trit
1847 2490 1981 2518 verstri-n,

1584 2537 1672 2569 Demi
1697 2536 1752 2570 fetu
1777 2535 1855 2569 νῆας
1879 2534 1930 2562 hui
1954 2539 2071 2562 etei-ren,

1580 2588 1641 2620 her
1666 2589 1735 2616 tritt>
1759 2595 1791 2623 με
1816 2589 1870 2618 lem
1894 2585 2052 2613 uerbum-110

1579 2639 1646 2670 Qut>
1670 2638 1786 2667 viuetctu
1812 2645 1857 2666 ,im
1883 2634 1996 2670 (Vl-ugni
2021 2631 2122 2667 stetten
