2409 2915
107 131 181 170 645
351 134 431 169 XII.

104 230 167 252 nec
191 219 285 252 videt
309 225 444 260 motus,
479 231 542 252 nec
573 218 672 251 audit
703 223 782 250 vota
807 217 859 251 tui
887 218 1019 258 cordis,
1052 230 1091 252 ac

104 270 214 303 nescit
231 270 373 314 quidem
392 282 428 303 se
444 268 611 302 invocari.

209 335 308 369 Talis
324 335 518 377 invocatio,
543 346 632 378 quae
654 334 691 367 fit
714 335 755 366 ad
781 335 906 368 surdos
932 342 962 368 et
990 336 1090 380 igno-

106 393 240 427 rantes,
266 387 350 432 quid
367 396 494 430 quaeso
513 385 630 418 differt
646 385 690 417 ab
716 386 922 419 adoratione
938 387 1090 420 idolola-

106 438 192 471 trica
212 444 245 471 et
260 434 397 470 ethnica
416 447 692 469 marmorearum
715 447 775 469 seu
801 436 999 479 lignearum
1020 444 1090 471 sta—

106 487 270 522 tuarum?

205 553 305 586 Hanc
340 553 561 586 manifestam
594 559 627 586 et
657 565 803 587 crassam
836 554 1087 587 idolomaniam

107 604 210 637 simul
235 604 274 636 in
299 604 502 637 recitatione
529 611 587 637 tua
610 616 708 636 mens
731 605 940 646 cogitatione
962 606 1087 649 depin-
1114 628 1115 633 ,

103 661 177 697 gat,
203 654 362 698 serioque
380 655 587 695 detestetur,
615 662 651 688 ut
674 662 767 688 certo
791 657 902 688 discas
926 656 1089 689 invocare

103 715 224 737 verum
242 703 374 745 Deum,
403 718 466 738 nec
485 706 624 739 dubites
641 718 720 738 vere
746 706 811 739 tibi
828 704 940 739 Deum
961 709 1088 747 adesse,

101 765 182 787 vere
211 757 385 800 aspicere,
426 756 601 794 iudicare,
645 756 808 789 exaudire
845 757 995 799 gemitus
1036 758 1088 791 tui

101 806 234 844 cordis,
266 806 356 839 velle
380 819 419 839 ac
441 819 543 852 posse
568 807 632 840 tibi
657 807 844 850 opitulari,
872 809 954 840 dare
980 809 1087 842 vitam

101 862 135 889 et
155 857 301 890 salutem
333 864 476 901 propter
500 859 612 890 filium
643 869 765 898 suum,
799 857 993 891 Dominum
1023 871 1088 892 no-

100 912 210 941 strum
229 906 343 941 lesum
358 906 552 942 Christum.

321 981 578 1028 Sanctificetur
594 995 721 1016 nomen
738 989 851 1019 tuum.

322 1049 401 1073 Nunc
421 1053 573 1080 sequnntur
591 1049 687 1074 ordine
709 1050 867 1080 petitiones.

200 1110 400 1144 Audivistis
431 1117 545 1143 autem
575 1121 681 1153 supra
714 1111 1086 1144 commonefactionem

99 1161 142 1194 de
158 1162 262 1194 rebus
281 1160 439 1205 petendis
458 1161 494 1192 in
514 1160 714 1204 precatione
731 1162 963 1195 recensendis.
1019 1161 1086 1194 De-

98 1211 184 1245 bent
208 1211 302 1243 enirn
326 1218 506 1254 precantes
531 1217 663 1243 certum
695 1211 838 1255 aliquod
867 1212 1087 1250 beneficium,

98 1262 332 1295 necessarium
351 1262 406 1294 vel
427 1262 564 1294 animae
591 1262 644 1294 vel
667 1263 803 1305 corpori
830 1274 847 1294 a
871 1261 946 1294 Deo
971 1263 1086 1294 nomi-
1110 1293 1111 1300 ,

98 1312 208 1345 natim
229 1320 346 1356 petere
358 1339 367 1352 ,
394 1321 427 1345 et
443 1318 649 1354 exspectare.

199 1378 330 1419 Porro,
359 1378 532 1422 primum,
561 1389 758 1418 summum,
793 1384 825 1410 et
850 1377 1001 1410 maxime
1022 1390 1085 1411 ne-

96 1429 284 1462 cessarium
303 1430 437 1462 bonum
456 1434 505 1461 est
523 1440 604 1461 vera
623 1428 686 1461 Dei
706 1428 860 1471 agnitio,
889 1440 927 1460 ac
949 1440 1029 1461 vera
1053 1436 1085 1462 et

95 1479 299 1524 incorrupta
325 1479 504 1519 doctrina,
539 1480 582 1511 de
607 1491 675 1524 qua
705 1479 831 1512 notitia
865 1485 898 1512 et
929 1479 1085 1512 celebra-

95 1530 192 1564 tione
206 1530 272 1565 Dei
290 1531 524 1564 concionatur
547 1530 650 1563 etiam
677 1530 830 1573 primum
851 1538 1085 1573 praeceptum.

95 1578 147 1614 Ac
168 1581 258 1615 sicut
282 1581 434 1626 primum
459 1581 665 1614 mandatum
686 1580 850 1622 Decalogi
879 1581 1026 1625 requirit
1052 1588 1085 1614 et

94 1632 286 1678 praecipit,
313 1643 357 1664 ne
374 1629 504 1664 habeas
521 1631 617 1664 Deos
633 1631 785 1671 alienos,
817 1632 874 1663 sed
901 1638 938 1664 ut
961 1643 1082 1664 verum

92 1681 208 1716 Deum
232 1690 323 1716 recte
347 1694 531 1725 agnoscas,
559 1683 678 1714 credas
703 1682 776 1714 eius
799 1682 926 1720 verbo,
955 1679 1083 1715 habeas
1106 1701 1108 1703 v

94 1744 213 1766 veram
243 1733 406 1766 fiduciam
438 1744 516 1775 erga
539 1731 674 1772 Deum,
716 1743 839 1763 verum
862 1732 1023 1764 timorem
1051 1739 1083 1765 et

95 1783 320 1817 dilectionem
339 1783 405 1816 Dei
430 1795 534 1827 super
557 1782 693 1815 omnia:
730 1782 776 1814 ita
801 1783 900 1814 docet
925 1794 988 1815 nos
1006 1782 1081 1816 Do-

94 1835 210 1867 minus
229 1834 332 1867 initio
345 1840 471 1877 petere,
498 1840 538 1866 ut
556 1833 727 1876 possimus
746 1829 912 1864 inchoare
929 1839 961 1865 et
979 1845 1080 1876 prae-

93 1892 184 1918 stare
214 1884 348 1918 cultum
378 1884 604 1921 interiorem,
646 1890 678 1916 et
701 1883 937 1916 obedientiam
964 1884 1080 1916 cordis
1105 1926 1106 1935 ἵ

94 1946 172 1978 erga
204 1935 358 1979 primum
389 1941 622 1979 praeceptum.
691 1931 883 1966 Exorditnr
913 1934 1030 1978 itaque
1060 1947 1078 1966 a

93 1985 281 2029 praecipuo
316 1992 349 2019 et
371 1985 531 2018 omnium
567 1984 716 2017 maxime
747 1985 944 2016 necessario
968 1986 1079 2017 bono:

93 2036 336 2070 Sanctificetur
361 2048 490 2069 nomen
509 2043 628 2075 tuum,
662 2034 761 2079 quasi
785 2035 892 2068 dicat:
921 2032 979 2068 Ah
1005 2033 1078 2068 Do-

93 2087 188 2119 mine
212 2085 309 2119 Deus
333 2087 480 2118 accende
505 2087 542 2118 in
569 2085 671 2119 nobis
696 2097 836 2128 puram,
872 2098 1012 2126 veram,
1046 2093 1078 2118 et

92 2144 246 2171 sanctam
262 2137 474 2178 agnitionem
493 2137 647 2169 nominis
673 2136 744 2176 tui,
771 2133 836 2168 hoc
856 2143 922 2175 est,
947 2137 990 2168 da
1013 2149 1078 2169 no-

92 2188 146 2221 bis
164 2198 285 2231 puram
303 2193 334 2219 et
351 2187 520 2219 sinceram
540 2187 734 2219 doctrinam
759 2187 834 2219 sine
857 2187 1077 2230 corruptelis,

91 2250 135 2272 ne
155 2238 208 2270 vel
225 2249 360 2270 errores
371 2237 633 2281 amplectamur,
650 2237 950 2269 velidololatricos
965 2237 1077 2269 cultus

93 2289 317 2332 recipiamus,
355 2288 412 2319 sed
446 2287 558 2325 effice,
593 2295 631 2320 ut
658 2294 690 2320 te
719 2299 839 2319 verum
869 2294 902 2320 et
930 2287 1074 2320 unicum

91 2339 223 2379 Deum,
258 2337 395 2371 Patrem
419 2338 563 2370 Domini
593 2338 702 2371 nostri
728 2336 804 2369 lesu
828 2335 978 2375 Christi,
1016 2338 1076 2383 qui

83 2397 124 2424 te
157 2389 345 2433 patefecisti
375 2402 435 2433 per
466 2386 560 2421 lmnc
596 2388 706 2420 silium
741 2387 854 2421 Iesum
880 2385 1075 2427 Christum,
1101 2407 1103 2435 3

91 2441 133 2474 ab
151 2440 252 2473 initio
267 2440 410 2473 missum
435 2441 477 2472 ad
493 2437 704 2477 Ecclesiam,
738 2438 940 2471 crucifixum
965 2446 998 2471 et
1022 2451 1076 2471 re-

43 2502 47 2507 ·
92 2492 313 2531 suscitatum,
340 2498 456 2523 sancte
480 2501 727 2533 agnoscamus,
761 2490 822 2521 tibi
851 2501 930 2521 vere
955 2490 1075 2522 creda-

92 2554 189 2583 mus,
216 2549 248 2576 te
279 2549 370 2575 recte
404 2542 624 2578 invocemus,
651 2540 823 2579 colamus,
855 2552 893 2572 ac
921 2540 1075 2574 celebre-
1100 2569 1102 2586 :

232 2591 377 2627 Custodi
397 2604 460 2625 nos
478 2593 685 2631 clementer,
713 2603 756 2623 ne
772 2591 931 2624 fanaticis
947 2598 979 2624 et
998 2591 1075 2624 ido-
1100 2599 1103 2622 ἕ

92 2604 179 2626 mus-

93 2643 259 2677 lolatricis
274 2644 454 2677 furoribus
471 2643 578 2676 animi
599 2642 708 2675 nostri
733 2643 965 2680 fascinentur,
991 2643 1075 2675 tolle

487 129 883 168 ANNOTATIONES
911 130 976 166 ET
1005 128 1287 166 CONCIONES
1316 131 1365 166 ΙΝ
1391 132 1574 170 EVANG.
1603 134 1881 170 MATTHAEI.

2052 137 2124 172 646

1115 214 1117 274 ᾗ
1138 224 1175 251 tu
1198 229 1299 250 verus
1322 216 1417 251 Deus
1440 226 1529 252 recte
1555 219 1769 261 innotescas,
1808 234 1889 255 vere
1913 223 2123 265 agnoscaris,

1115 278 1117 294 ⁴
1137 279 1216 301 vera
1234 267 1302 300 fide
1321 268 1511 307 invoceris,
1531 270 1655 302 colaris
1675 279 1707 305 et
1722 273 1918 308 celebreris,

1114 338 1117 359 ⁴
1236 330 1380 367 Nomen
1416 336 1509 367 enim
1540 336 1711 378 significat
1743 339 1901 371 notitiam
1936 351 1994 372 seu
2022 340 2121 383 agni-

1137 383 1282 419 tionem.

1114 430 1117 440 .

1114 485 1116 493 ‚
1237 441 1305 476 Hic
1330 443 1438 486 igitur
1461 444 1684 484 observabis,
1721 448 1814 490 quod
1842 449 1992 489 primum
2010 448 2121 483 Deca-

1114 499 1115 517 ³
1137 493 1206 537 logi
1224 501 1463 537 praeceptum,
1489 501 1521 527 et
1545 493 1628 528 baec
1647 496 1757 539 prima
1777 499 1897 540 petitio
1917 508 2121 541 congruant,

1114 547 1115 567 3
1136 545 1501 589 quodqueloquantur
1516 546 1558 578 de
1574 558 1653 579 vera
1667 548 1913 590 patefactione,
1934 551 2122 591 agnitione,

1136 595 1360 628 invocatione
1374 608 1412 628 ac
1432 596 1665 630 celebratione
1683 596 1758 633 Dei.

1383 684 1564 719 Adwenial
1582 699 1730 732 regnum
1747 693 1860 724 Ιιιιιηι.

1238 753 1329 787 Vera
1351 755 1484 798 agnitio
1508 767 1581 788 non
1606 756 1650 788 sit
1679 757 1789 790 otiosa
1817 759 2027 801 speculatio,
2060 762 2121 794 sed

1136 805 1195 838 lux
1218 807 1345 838 ardens
1376 806 1547 839 divinitus
1577 818 1739 851 accensa,
1776 810 1941 842 cordibus
1972 811 2121 844 afferens

1112 862 1113 873 ¹
1135 863 1309 889 aeternam
1349 856 1537 897 iustitiam,
1582 857 1751 891 laetitiam
1784 866 1816 892 et
1852 860 1978 901 vitam,
2027 862 2122 896 iuxta

1135 907 1267 940 dictum
1286 904 1435 940 Christi:
1466 906 1560 940 Haec
1585 915 1635 941 est
1659 911 1728 941 vita
1754 916 1913 951 aeterna,
1948 918 1986 944 ut
2013 924 2122 955 agno-

1135 964 1233 990 scant
1250 964 1282 990 te
1299 970 1418 991 verum
1438 957 1570 996 Deum,
1598 965 1632 992 et
1646 958 1763 993 Iesum
1781 973 1883 1005 quem
1908 962 2031 994 misisti
2051 975 2123 996 esse

1111 1006 1327 1043 -Cliristum.
1387 1006 1542 1042 Effectus
1572 1009 1690 1053 itaque
1720 1023 1820 1044 verae
1853 1013 2045 1055 agnitionis
2073 1021 2123 1047 est

1136 1059 1267 1092 iustitia
1285 1065 1316 1091 et
1334 1059 1405 1092 vita
1423 1066 1573 1092 aeterna.
1627 1059 1817 1104 Propterea
1841 1064 1884 1095 de
1902 1063 2027 1098 effectu
2047 1065 2122 1108 pri-

1111 1132 1112 1135 =
1135 1121 1212 1142 mae
1246 1109 1426 1153 petitionis
1452 1110 1596 1143 dicitur:
1631 1111 1809 1146 Adveniat
1835 1125 1981 1157 regnum
2007 1123 2119 1156 tuum,

1137 1157 1203 1193 hoc
1227 1167 1293 1200 est,
1327 1167 1365 1193 tu
1388 1172 1450 1204 per
1475 1161 1713 1194 ministerium
1738 1170 1770 1196 et
1796 1176 1914 1197 vocem
1941 1166 2121 1199 doctrinae

1135 1217 1215 1243 tuae
1233 1222 1417 1253 regenera,
1445 1222 1543 1253 rege,
1570 1212 1726 1253 guberna
1749 1226 1813 1246 nos
1831 1214 1967 1258 Spiritu
1990 1223 2122 1258 sancto,

1110 1263 1111 1291 l
1135 1258 1263 1293 inchoa
1282 1261 1320 1292 in
1335 1261 1440 1294 nobis
1454 1272 1599 1303 regnum
1621 1269 1719 1296 tuum
1740 1264 1776 1297 in
1794 1262 1857 1297 hac
1875 1266 1962 1307 vita,
1989 1274 2021 1300 et
2042 1280 2121 1311 per-

1134 1310 1197 1343 fice
1215 1317 1292 1354 post
1308 1308 1399 1343 hanc
1417 1311 1544 1352 vitam,
1573 1312 1619 1345 sis
1634 1313 1670 1345 in
1692 1315 1794 1348 nobis
1811 1316 1946 1357 efficax,
1973 1320 2122 1351 accende

1135 1372 1196 1403 per
1221 1373 1342 1394 vocem
1366 1359 1555 1405 Evangelii
1587 1369 1620 1395 et
1644 1365 1861 1407 agnitionem
1896 1367 1965 1407 tui,
2001 1381 2120 1401 veram

1134 1411 1259 1449 fidem,
1295 1412 1463 1445 iustitiam
1487 1419 1520 1446 et
1552 1413 1657 1446 vitam
1681 1422 1859 1449 aeternam
1886 1417 1923 1449 in
1956 1419 2122 1452 cordibus

1134 1462 1283 1503 nostris,
1309 1463 1449 1496 destrue
1475 1475 1621 1506 regnum
1648 1465 1793 1500 diaboli.
1846 1467 1926 1501 Non
1952 1471 2122 1503 concedas

1108 1534 1109 1537 =
1134 1513 1295 1553 diabolo,
1322 1520 1360 1546 ut
1379 1515 1574 1558 praestigiis
1588 1515 1659 1548 suis
1682 1524 1822 1551 nostros
1839 1520 1977 1552 animos
1996 1521 2120 1565 capiat,

1134 1570 1165 1596 et
1183 1564 1309 1596 deinde
1328 1564 1525 1608 implicatos
1542 1573 1575 1599 et
1592 1565 1745 1601 irretitos
1758 1566 1977 1604 horribiliter
1994 1570 2121 1615 impel-

1134 1614 1180 1647 lat
1206 1621 1237 1647 et
1262 1622 1407 1649 evertat:
1465 1614 1608 1650 Habitet
1630 1629 1668 1649 ac
1697 1626 1817 1662 regnet
1840 1619 1936 1653 Iesus
1959 1619 2121 1655 Christus

1132 1665 1225 1697 fitius
1241 1671 1322 1698 tuus
1337 1672 1499 1709 potenter
1513 1674 1546 1700 et
1562 1667 1758 1710 efficaciter,
1775 1683 1814 1703 ac
1831 1672 2050 1704 mansionem
2068 1673 2120 1705 fa-

1133 1715 1200 1748 ciat
1223 1715 1259 1747 in
1287 1716 1410 1756 nobis,
1446 1717 1535 1750 sicut
1560 1718 1633 1761 ipse
1657 1720 1836 1761 promisit,
1864 1721 2044 1767 inquiens:
2081 1722 2120 1757 Si

1132 1765 1210 1809 quis
1228 1766 1343 1809 diligit
1367 1778 1430 1807 me,
1456 1778 1653 1801 sermonem
1673 1781 1787 1803 meum
1808 1773 1974 1814 servabit,
2001 1780 2032 1807 et
2051 1773 2120 1806 Pa-

1132 1823 1183 1848 ter
1209 1828 1308 1849 meus
1329 1817 1451 1860 diliget
1475 1817 1596 1859 illum,
1631 1826 1663 1853 et
1690 1822 1869 1856 veniemus
1893 1825 1936 1856 ad
1961 1837 2059 1866 eum,
2087 1832 2119 1858 et

1131 1867 1350 1900 mansionem
1366 1869 1459 1912 apud
1479 1880 1558 1901 eum
1576 1869 1755 1907 faciemus.

1231 1932 1416 1967 Caeterum
1433 1941 1465 1968 et
1481 1932 1566 1968 haec
1582 1936 1654 1980 ipsa
1673 1939 1796 1980 petitio
1815 1941 1966 1983 pertinet
1983 1943 2025 1974 ad
2045 1943 2119 1986 pri-

1130 1995 1225 2015 mum
1244 1995 1282 2016 ae
1306 1986 1497 2018 secundum
1521 1996 1744 2033 praeceptum
1762 1988 1941 2035 Decalogi.
1997 1991 2117 2037 Opor-

1128 2040 1177 2067 tet
1193 2034 1285 2066 enim
1304 2035 1366 2068 ista
1385 2037 1456 2069 duo
1474 2037 1659 2081 coniungi,
1686 2046 1718 2073 et
1743 2047 1931 2086 utrumque
1951 2043 2056 2076 simul
2079 2044 2117 2077 in

1129 2085 1232 2117 nobis
1251 2083 1431 2127 inchoari,
1459 2099 1575 2120 veram
1593 2089 1723 2124 scilicet
1742 2093 1958 2134 agnitionem
1976 2095 2057 2135 Dei,
2084 2103 2116 2129 et

1129 2135 1314 2167 efficaciam
1340 2137 1514 2178 divinam,
1549 2150 1608 2172 seu
1640 2149 1754 2175 motus
1785 2144 1926 2177 divinos
1951 2146 2114 2179 excitatos

1128 2192 1160 2218 et
1176 2197 1336 2219 accensos
1359 2200 1421 2231 per
1444 2188 1556 2222 lucem
1580 2191 1760 2225 doctrinae
1783 2194 1940 2227 coelestis
1965 2202 1996 2228 et
2016 2196 2115 2239 agni-

1101 2260 1104 2283 1
1130 2235 1259 2268 tionem
1279 2235 1356 2273 Dei.
1408 2237 1497 2272 Nam
1519 2252 1599 2273 vera
1627 2243 1779 2284 cognitio
1805 2245 1996 2287 praecedit,
2024 2248 2114 2279 vivi-

1102 2285 1103 2320 ]
1129 2286 1243 2319 ficatio
1259 2289 1436 2332 sequitur,
1462 2302 1500 2323 ac
1517 2291 1615 2324 Deus
1634 2299 1681 2324 est
1699 2293 1815 2326 efficax
1835 2307 1896 2339 per
1912 2307 2014 2329 suum
2035 2310 2112 2330 ver-

1102 2353 1104 2360 >
1129 2337 1231 2377 bum,
1258 2350 1409 2385 suaeque
1428 2341 1522 2374 vocis
1540 2343 1749 2383 cogitatione
1765 2347 1938 2380 convertit
1964 2355 1995 2381 et
2022 2349 2111 2381 vivi-

1127 2386 1206 2421 ficat
1222 2391 1459 2425 assentientes,
1513 2391 1606 2426 Petis
1624 2405 1704 2436 ergo
1724 2395 1758 2427 in
1782 2393 1836 2429 his
1860 2398 1982 2440 primis
2007 2407 2108 2443 atque

1127 2439 1321 2484 praecipuis
1345 2442 1574 2485 petitionibus
1597 2455 1729 2478 summa
1757 2453 1786 2478 et
1813 2449 2025 2491 amplissima
2050 2451 2110 2482 be-

1101 2491 1103 2494 ’
1127 2490 1266 2531 neficia,
1292 2504 1409 2525 veram
1429 2493 1539 2525 lucem
1557 2495 1756 2535 doctrinae,
1785 2510 1900 2531 veram
1920 2499 2039 2536 fidem,
2066 2501 2108 2533 ti-

1100 2537 1102 2558 Ι
1127 2552 1259 2574 morem
1286 2541 1370 2583 Dei,
1396 2543 1619 2577 dilectionem
1643 2545 1727 2585 Dei,
1752 2559 1867 2589 spent,
1897 2551 2108 2583 consolatio-

1126 2603 1205 2624 nem
1232 2600 1264 2625 et
1288 2594 1391 2627 vitam
1417 2601 1612 2635 aeternam,
1648 2597 1827 2631 victoriam
1863 2601 2015 2645 deniqne
2045 2604 2107 2636 ad—

1099 2651 1102 2696 }
1126 2654 1244 2676 versus
1262 2642 1450 2678 Diabolum
1464 2673 1472 2685 ‚
1500 2652 1532 2678 et
1550 2648 1715 2681 adversus
1732 2656 1787 2682 tua
1804 2659 1952 2693 peccata.

94 2692 326 2729 idololatriam
347 2701 379 2729 et
395 2705 517 2728 omnes
534 2693 659 2737 impias
675 2693 875 2736 opiniones,
903 2693 1009 2734 effice,
1037 2701 1074 2727 ut
1095 2700 1101 2727 1

1515 2745 1596 2780 41*
