2409 2915
59 112 132 151 253
590 111 669 147 Xll.

60 205 284 242 regnantem,
315 199 436 235 debet,
465 204 496 230 et
514 204 630 230 tenere
652 196 826 239 regulam:
863 197 1043 239 Quicquid

62 249 233 294 petieritis
252 255 382 292 patrem
404 249 440 280 in
460 247 603 280 nomine
620 259 696 280 meo
717 252 778 281 etc.
808 246 846 280 ld
865 253 928 287 est,
952 248 1043 280 fidu-

63 301 114 333 cia
134 297 283 339 Christi,
313 311 384 331 nou
403 299 527 331 fiducia
547 303 680 329 vestrae
706 296 898 339 dignitatis.
953 296 1041 330 Nam

59 348 221 384 Christus
240 357 289 382 est
307 355 493 393 perpetuus
511 348 686 391 pontifex,
706 355 875 391 perpetuo
893 359 956 391 pro
975 360 1040 381 no-

61 401 115 434 bis
130 400 368 438 intercedens,
401 406 568 442 perpetuo
592 399 684 431 dona
711 398 798 430 dans
824 395 1042 434 hominibus,

61 450 133 485 Nec
147 450 410 493 imaginandum
431 457 490 489 est,
507 449 576 482 sibi
594 461 671 481 eum
690 448 829 481 beatum
847 460 931 492 esse,
946 449 1041 482 ocio-

60 513 136 534 sum
157 511 246 540 esse‚
273 500 331 532 sed
351 500 538 532 resurrexit
554 506 591 532 ut
609 505 750 541 regnet,
776 499 811 531 id
838 506 906 539 est,
933 506 972 532 ut
998 499 1042 533 sit

60 551 177 585 efficax
197 551 232 583 in
248 550 495 583 invocantibus
511 550 642 594 ipsum,
660 549 747 582 sicut
760 549 877 593 inquit
890 550 931 582 ad
943 548 1040 593 Apo-

59 602 184 635 stolos:
219 600 306 635 Data
325 608 374 633 est
393 599 478 633 mibi
497 601 612 633 omnis
630 605 799 643 potestas,
828 599 906 642 Ego
924 600 1041 633 vobis-

61 663 140 684 cum
160 663 235 684 sum
254 663 363 696 usque
387 652 430 683 ad
455 650 793 685 consummationem
823 651 943 685 seculi.
995 649 1042 684 Et

60 701 97 734 iu
114 700 243 737 Psalm.
268 702 414 735 dicitur:
448 702 538 735 Sede
566 714 584 734 a
605 700 736 733 dextris
759 701 864 740 meis,
898 713 968 745 quo
994 701 1042 733 si-

57 752 258 795 gnificatum
276 760 342 793 est,
370 749 550 786 Christum
568 757 798 795 regnaturum
824 762 896 784 esse
921 751 1041 784 divina

58 804 223 847 potentia.

424 886 481 909 De
517 888 671 909 sexto.

258 939 316 972 De
333 936 518 985 beneficiis
536 940 832 972 resurrectionis.

159 1003 215 1038 Ad
237 1003 343 1039 Rom.
369 1005 403 1037 4.
431 1003 576 1037 dicitur:
614 1003 686 1046 Qui
712 1005 861 1038 traditus
881 1009 932 1036 est
956 1014 1040 1047 pro-

57 1062 135 1101 pter
150 1056 275 1089 delicta
293 1062 411 1089 nostra
425 1082 432 1094 ‚
452 1062 486 1087 et
502 1055 726 1088 resuscitatus
746 1062 795 1088 est
811 1061 956 1098 propter
973 1065 1039 1086 no-

57 1114 163 1141 stram
182 1106 368 1140 iusticiam.

59 1169 192 1202 poenae
209 1169 272 1200 pro
292 1156 411 1195 nobis,
435 1163 465 1187 et
484 1155 610 1187 deinde
630 1153 846 1189 exhibendae
863 1155 966 1188 nobis
983 1154 1039 1188 iu—

59 1207 177 1242 sticiae
194 1213 226 1239 et
243 1206 344 1239 vitae.
398 1206 502 1248 Quod
520 1205 613 1237 enirn
622 1200 783 1239 Christus
800 1212 960 1239 mortuus
977 1212 1037 1243 est,

58 1256 227 1302 persolvit
246 1268 410 1299 poenam,
435 1268 538 1300 quam
558 1256 756 1289 debuimus.
811 1256 877 1289 Sed
895 1257 922 1288 si
938 1267 1038 1287 man-

61 1307 341 1343 sissetinmorte‚
360 1318 432 1339 non
453 1306 572 1338 fuisset
588 1306 800 1349 completum
819 1306 1039 1345 beneficium,

12 1350 14 1356 ¹
56 1369 120 1390 nec
136 1355 312 1390 habuisset
333 1357 405 1399 ipse
428 1367 574 1398 regnum
599 1356 830 1399 promissum,
864 1368 928 1388 nec
951 1355 1037 1388 suis-

12 1403 13 1406 *
55 1414 106 1442 set
123 1408 242 1440 efficax
257 1407 292 1439 in
310 1406 504 1439 liberandis
518 1406 588 1438 suis
604 1418 620 1438 a
641 1413 752 1438 morte
770 1413 927 1439 aeterna:
958 1405 1036 1438 ideo

56 1457 212 1502 oportuit
242 1469 320 1489 eum
348 1467 546 1498 resurgere,
580 1463 619 1489 ut
645 1458 769 1489 sedens
793 1458 833 1488 ad
859 1458 1034 1489 dexteram

54 1508 182 1554 patris,
210 1505 276 1540 hoc
292 1513 360 1547 est,
388 1518 536 1549 regnans
555 1508 709 1549 potentia
731 1507 870 1548 divina,
896 1506 939 1540 sit
961 1507 1035 1539 esfi-

54 1571 125 1593 0371.
179 1557 271 1592 Sunt
288 1557 396 1600 igitur
412 1557 578 1590 beneficia
598 1558 882 1598 resurrectionis,
917 1557 1035 1590 omnia

55 1621 160 1654 opera
177 1606 310 1642 Christi
325 1608 526 1650 regnantis,
554 1608 736 1646 videlicet,
756 1608 942 1641 iustificare
961 1619 1036 1640 cre-

55 1661 192 1698 dentes,
224 1658 437 1691 snnctificare
469 1659 549 1690 dato
575 1657 711 1701 Spiritu
741 1665 880 1701 sancto,
913 1658 1035 1690 desen—

55 1712 137 1744 dere
155 1720 214 1742 eos
230 1709 395 1741 adversus
413 1714 615 1751 potestatem
633 1709 786 1748 diaboli,
815 1709 962 1741 liberare
978 1719 1035 1740 eos

56 1773 75 1794 3
91 1767 202 1793 morte
220 1766 377 1796 aeterna,
412 1759 552 1790 incoare
570 1758 674 1791 vitam
700 1765 875 1792 aeternam
899 1758 936 1790 in
960 1769 1034 1790 cre-

56 1811 239 1850 dentibus,
267 1815 299 1842 et
315 1816 431 1852 postea
450 1819 507 1841 eos
528 1809 750 1849 resuscitare,
768 1810 962 1842 instaurare
982 1815 1036 1841 to—‘

54 1869 122 1896 tam
147 1867 307 1893 naturam
331 1857 522 1891 humanam
547 1859 716 1891 victuram
745 1872 835 1892 nova
859 1859 952 1899 luce,
979 1871 1034 1891 sa-

53 1912 207 1957 pientia,
234 1909 388 1947 iusticia,
416 1915 449 1942 et
465 1909 535 1941 vita
553 1916 731 1953 perpetua.
783 1907 882 1943 Nihil
906 1906 1032 1942 horum

53 1963 148 1996 fieret
166 1974 184 1993 a
201 1968 340 1994 mortuo
357 1967 389 1993 et
407 1960 535 1994 ocioso.

155 2010 209 2046 De
232 2009 287 2044 his
307 2011 472 2054 operibus
491 2010 748 2043 concionantur
773 2010 863 2043 dicta
882 2007 1034 2053 prophe·
1058 2019 1059 2043 ἱ

55 2063 133 2103 tica,
148 2074 235 2107 quae
251 2062 448 2106 loquuntur
463 2062 505 2093 de
523 2061 787 2101 resurrectione,
803 2067 839 2093 ut
860 2059 942 2095 Ose.
957 2061 1031 2095 13.:

55 2113 108 2148 De
124 2124 231 2145 manu
250 2112 372 2144 mortis
391 2111 548 2144 liberabo
575 2123 650 2151 eos,
684 2118 717 2144 et
740 2113 782 2143 de
807 2117 918 2144 morte
941 2111 1033 2143 redi·
1056 2151 1058 2155 ι

55 2175 146 2196 mam
166 2173 238 2194 eos:
266 2160 338 2194 Ero
357 2173 450 2194 mors
467 2169 525 2194 tua
544 2174 564 2194 0
582 2173 694 2202 mors,
722 2174 856 2194 morsus
875 2168 955 2194 tuus
973 2173 1032 2193 ero

39 2214 201 2247 inferne.

56 2264 256 2301 missiones,
291 2269 324 2295 et
340 2262 510 2303 significat
535 2263 649 2306 qualis
672 2263 833 2295 liberatio
859 2274 920 2306 per
936 2261 1032 2294 Mes-

55 2316 140 2349 siam
159 2313 325 2358 promissa
344 2313 406 2352 sit,
435 2312 615 2352 videlicet,
631 2323 702 2345 non
719 2313 892 2345 restitutio
909 2320 941 2346 et
959 2325 1032 2344 arn-

55 2366 221 2410 plificatio
238 2364 335 2405 regni
353 2363 506 2406 politici,
535 2363 593 2395 sed
621 2363 722 2406 longe
747 2363 813 2395 alia
838 2375 910 2403 res,
937 2363 1031 2395 scili-

55 2424 106 2451 cet
123 2415 312 2449 destructio
331 2413 454 2447 mortis
473 2419 505 2446 et
524 2414 672 2457 peccati,
698 2420 730 2446 et
748 2414 920 2446 restitutio
942 2414 1031 2446 vitae

53 2474 222 2500 aeternae.
278 2465 358 2497 Ideo
377 2464 524 2497 dicitur:
552 2464 622 2498 Ero
641 2476 733 2496 mors
750 2471 807 2496 tua
828 2478 847 2496 o
869 2476 978 2504 mors,
997 2465 1028 2496 id

55 2526 123 2558 est,
151 2516 274 2549 delebo
294 2523 458 2554 mortem,
483 2515 606 2547 delebo
631 2515 777 2554 inferos,
811 2516 954 2547 reddam
979 2516 1032 2547 vi-

54 2576 122 2602 tam
150 2574 182 2601 et
205 2567 376 2600 iusticiam
401 2572 621 2610 perpetuam,
651 2566 781 2599 scilicet
797 2566 1030 2599 credentibus.

55 2617 96 2651 ln
113 2616 168 2651 his
184 2618 300 2650 verbis
319 2623 449 2649 caetera
470 2617 607 2655 insunt,
638 2617 670 2649 id
697 2624 763 2653 est,
792 2615 885 2656 Ergo
912 2624 1030 2657 regnat

55 2668 220 2708 Messias,
254 2667 436 2700 intercedit
463 2679 524 2710 pro
551 2667 653 2700 nobis
677 2668 767 2710 apud
803 2675 955 2710 pitrem,
992 2674 1030 2700 ut

723 109 1115 147 ANNOTATIONES
1154 112 1203 146 IN
1236 112 1532 150 EVANGELIA.

421 1104 487 1137 Hic
502 1105 690 1137 discrimen
711 1106 818 1139 tradit
842 1104 1039 1149 persolutae
1063 1123 1065 1130 ι

1996 116 2069 152 254

1066 236 1068 244 γ
1093 197 1237 241 recipiat
1255 209 1336 237 nos,
1364 210 1403 231 ac
1420 199 1528 232 iustos
1545 199 1773 242 pronunciet,
1801 200 1859 234 dat
1875 201 1978 234 nobis
1989 201 2069 245 Spi-

1065 247 1070 314 ΐ
1092 248 1198 281 ritum
1217 256 1394 286 sanctum,
1428 249 1571 282 dimicat
1587 261 1649 292 pro
1673 250 1776 284 nobis
1798 258 1919 285 contra
1946 252 2068 285 diabo-

1066 318 1067 332 1
1092 299 1182 336 lum,
1226 299 1342 332 incoat
1372 299 1408 330 in
1434 299 1658 332 credentibus
1683 301 1788 334 vitam
1812 308 2008 339 aeternam,
2036 310 2069 336 et

1091 349 1271 382 resuscitat
1294 355 1470 388 mortuos,
1501 349 1590 382 sicut
1613 349 1686 392 ipse
1708 353 1906 386 resurrexit.
1957 352 2067 386 Porro

1091 397 1175 432 haec
1191 399 1356 432 beneficia
1376 406 1409 433 et
1425 398 1680 441 intelligemus,
1709 407 1741 433 et
1758 413 2022 447 consequemur,
2039 404 2067 436 si

1091 450 1318 483 excitabimus
1334 461 1398 483 nos
1416 451 1459 482 ad
1478 449 1756 491 invocationem,
1783 459 1814 485 et
1831 460 1986 495 petemus
2007 466 2068 487 au-

1089 500 1213 533 xilium
1231 501 1268 533 in
1293 500 1442 544 publicis
1468 499 1632 543 periculis
1659 507 1691 533 et
1715 502 1864 543 nostris,
1891 515 1909 535 a
1926 501 2068 538 Christo

1064 546 1067 586 Ι
1091 557 1277 594 regnante,
1307 563 1369 584 nec
1383 550 1639 584 somniabimus
1656 551 1813 585 ociosum
1832 564 1915 587 esse.

1193 601 1316 635 Simile
1332 601 1463 634 dictum
1481 607 1532 634 est
1546 601 1638 645 apud
1654 599 1812 635 Esaiam:
1841 602 1906 636 1110
1926 603 1981 635 die
1999 610 2069 636 sta-

1091 652 1142 685 bit
1173 652 1272 684 radix
1298 651 1428 692 lessae,
1470 663 1557 696 quae
1583 652 1648 685 erit
1672 652 1809 696 signum
1836 653 1994 697 populis,
2026 655 2070 685 ad

1090 703 1205 746 ipsum
1238 709 1355 746 gentes
1387 702 1608 744 confugient,
1644 709 1676 736 et
1701 703 1767 736 erit
1791 704 1969 746 sepultura
1995 704 2069 736 eius

1091 753 1251 796 gloriosa.
1304 752 1503 795 Descriptio
1528 758 1578 784 est
1603 754 1780 794 regnantis
1803 752 1948 787 Christi.
2003 753 2068 786 Die

1090 804 1152 836 illo
1168 804 1290 842 stabit,
1318 803 1352 836 id
1372 809 1445 843 est,
1472 813 1545 835 non
1566 809 1741 836 evertetur
1765 805 1957 847 promissus
1980 805 2068 837 libe-

1064 871 1066 884 ι
1090 860 1186 886 rator
1213 866 1252 887 ex
1277 854 1383 897 stirpe
1411 852 1531 886 tessae.
1591 850 1638 886 Et
1663 853 1729 886 erit
1751 854 1890 897 signum
1916 855 2068 898 populis,

1091 905 1124 937 id
1143 911 1212 943 est,
1247 905 1311 937 erit
1336 911 1502 948 tauquam
1523 903 1592 935 dux
1611 914 1734 946 gerens
1749 905 1935 938 vexillum:
1973 912 2069 948 pote-

1089 955 1134 988 rit
1166 955 1318 998 conspici
1352 954 1389 986 in
1414 954 1512 996 signo
1537 964 1619 994 suo,
1650 953 1686 987 id
1710 961 1778 996 est,
1810 956 2070 1000 praedicatione

1089 1004 1289 1047 Evangelii:
1317 1011 1349 1038 et
1365 1011 1483 1047 gentes
1506 1004 1548 1036 ad
1574 1015 1652 1036 eum
1678 1005 1898 1048 confugient,
1925 1007 2068 1038 invoca—

1089 1056 1178 1089 bunt
1194 1067 1287 1090 eum.
1341 1053 1520 1097 Quando?
1546 1052 1627 1086 Non
1645 1060 1804 1096 tanturn,
1837 1068 1914 1089 cum
1940 1057 1977 1088 in
2005 1054 2067 1089 hac

1089 1106 1158 1139 vita
1179 1105 1445 1139 conversabitur
1466 1104 1666 1145 nobiscum,
1701 1112 1740 1138 ut
1765 1107 1924 1139 mortalis
1948 1105 2068 1146 homo,

1089 1157 1147 1189 sed
1164 1157 1267 1190 etiam
1284 1162 1400 1200 postea
1413 1182 1421 1197 ,
1448 1167 1525 1188 cum
1543 1167 1637 1188 mors
1651 1155 1725 1188 eius
1746 1156 1811 1190 erit
1834 1157 2001 1200 gloriosa,
2032 1158 2068 1189 id

1090 1213 1160 1248 est,
1179 1219 1256 1240 cum
1276 1206 1513 1241 resurrexerit.
1549 1204 1637 1238 Nam
1655 1217 1750 1239 mors
1766 1207 1793 1239 si
1812 1219 1884 1240 non
1903 1220 2068 1253 sequere-

1089 1264 1147 1290 tur
1164 1258 1391 1296 resurrectio,
1416 1268 1475 1289 seu
1493 1268 1582 1288 nova
1601 1256 1687 1296 vita,
1702 1268 1774 1290 non
1791 1265 1879 1291 esset
1895 1270 1973 1291 vera
1992 1258 2067 1301 glo-

1089 1307 1152 1342 ria.
1194 1307 1359 1340 Testatur
1374 1317 1453 1349 ergo
1471 1306 1603 1339 dictum
1620 1305 1834 1351 Prophetae,
1850 1315 2067 1342 resurrectu-

1088 1370 1166 1391 rum
1185 1369 1257 1390 esse
1281 1355 1375 1390 huuc
1392 1355 1609 1399 Dominum,
1641 1364 1673 1390 et
1700 1369 1772 1390 non
1797 1370 2001 1392 mansurum
2030 1358 2066 1390 in

1088 1414 1219 1448 morte,
1235 1415 1267 1441 et
1283 1415 1367 1441 tunc
1383 1413 1502 1449 gentes
1520 1407 1742 1440 invocaturas
1758 1419 1830 1440 esse
1847 1409 1973 1452 ipsum.
1999 1408 2067 1441 Hic

1089 1459 1189 1492 docet
1204 1459 1316 1503 qualis
1342 1459 1386 1491 sit
1409 1457 1523 1491 cultus
1547 1457 1584 1490 iu
1610 1469 1702 1490 novo
1719 1457 1945 1492 Testamento
1970 1460 2067 1492 sutu-

1088 1520 1168 1549 rus,
1199 1521 1270 1541 non
1288 1508 1494 1542 mactabunt
1510 1508 1686 1549 victimas,
1721 1510 1778 1541 sed
1797 1509 1999 1552 confugient
2023 1510 2065 1542 ad

1087 1557 1182 1593 hunc
1197 1560 1339 1597 ducem,
1365 1559 1408 1592 ab
1428 1556 1494 1591 hoc
1513 1564 1631 1602 petent
1650 1559 1833 1595 auxilium.
1887 1559 1955 1592 Hic
1977 1561 2066 1592 libe-

1087 1610 1178 1643 rabit
1194 1609 1395 1643 invocantes
1417 1620 1435 1641 a
1460 1609 1605 1641 summis
1629 1609 1751 1650 malis,
1784 1622 1802 1643 a
1826 1610 1953 1654 quihus
1976 1611 2065 1642 libe-

1086 1661 1155 1693 rari
1181 1672 1253 1693 non
1279 1665 1425 1704 possunt
1447 1659 1521 1692 ullo
1547 1659 1616 1692 alio
1640 1661 1765 1699 modo,
1799 1660 1984 1700 videlicet,
2021 1661 2065 1693 ab

1086 1711 1137 1743 ira
1161 1711 1251 1751 Dei,
1287 1722 1305 1742 a
1329 1715 1490 1754 peccato,
1523 1721 1542 1741 a
1567 1715 1679 1742 morte
1705 1717 1889 1753 perpetua,
1924 1722 1942 1743 a
1966 1717 2064 1754 pote-

1087 1767 1172 1794 state
1189 1760 1320 1794 diaboli
1346 1767 1409 1794 etc.
1462 1759 1554 1793 Sunt
1578 1765 1692 1792 autem
1717 1760 1865 1794 traditae
1892 1758 1955 1793 hae
1980 1773 2065 1794 con-

1086 1812 1203 1844 ciones
1226 1809 1503 1854 Prophetarum,
1536 1815 1575 1842 ut
1597 1809 1700 1842 fidem
1725 1810 1762 1842 in
1790 1811 1893 1844 nobis
1917 1811 2066 1845 excitent

1086 1869 1119 1895 et
1137 1862 1362 1901 confirment,
1390 1867 1422 1893 et
1444 1871 1509 1893 nos
1526 1857 1713 1893 hortentur
1728 1861 1771 1893 ad
1788 1858 1852 1894 hos
1869 1862 2000 1902 cultus,
2019 1862 2063 1894 ad

1085 1912 1299 1955 agnitionem
1317 1918 1350 1944 et
1367 1910 1624 1943 invocationem
1641 1908 1784 1951 Christi,
1799 1917 1902 1956 atque
1921 1911 1966 1945 ita
1984 1912 2064 1945 dul-

1058 1972 1060 1991 ῑ
1086 1969 1218 1995 cescent
1254 1962 1355 1994 nobis
1378 1958 1443 1993 hae
1467 1961 1671 2001 conciones,
1702 1967 1734 1994 et
1755 1961 1921 1995 beneficia
1946 1974 2063 1995 resur-

1085 2013 1250 2046 rectionis
1272 2012 1525 2054 intelligemus,
1558 2012 1585 2042 si
1610 2011 1864 2046 invocationem
1890 2013 1980 2046 serio
2005 2025 2063 2045 ex-

1085 2064 1278 2096 ercebimus
1310 2062 1480 2094 admoniti
1513 2059 1566 2094 his
1588 2062 1781 2096 sententiis.
1852 2063 1931 2097 Huc
1956 2063 2062 2106 perti-

1084 2121 1169 2147 nent
1186 2125 1307 2146 omnes
1325 2112 1516 2146 sententiae
1541 2125 1630 2157 quae
1656 2113 1852 2158 loquuntur
1873 2114 1916 2147 de
1939 2126 2061 2157 perpe-

1083 2172 1143 2198 tuo
1162 2176 1268 2208 reguo
1287 2161 1419 2197 Christi
1435 2170 1496 2196 etc.

255 2211 351 2244 Haec
367 2211 487 2244 concio
499 2210 612 2245 Oseae
631 2212 783 2245 declarat
801 2220 931 2245 veteres
952 2224 1033 2254 [zro—
1056 2240 1057 2244 ,

1278 2270 1496 2310 Dominica
1517 2270 1547 2308 I.
1567 2275 1658 2321 post
1681 2269 1862 2308 Pascha.

1335 2343 1569 2385 Evangelium
1590 2342 1731 2374 Ioannis
1749 2343 1809 2377 20.

1132 2407 1226 2446 Cum
1244 2422 1327 2455 ergo
1344 2421 1422 2442 sero
1437 2413 1523 2442 esset
1539 2407 1596 2441 die
1612 2407 1680 2441 illo
1708 2421 1782 2442 ema
1802 2407 2060 2451 Sabbatornm,

1181 2461 1325 2509 elsores
1344 2464 1456 2493 essen!
1473 2458 1638 2499 clausae,
1674 2459 1738 2493 nbi
1759 2464 1860 2493 erant
1887 2457 2063 2507 discipuli

1181 2511 1550 2557 congregallpropler
1569 2515 1697 2542 melum
1714 2509 1928 2543 ludaeorum
1941 2539 1948 2551 ‚
1968 2513 2060 2546 senil

1185 2563 1311 2603 Iesus,
1353 2566 1383 2594 el
1406 2562 1502 2594 stelit
1535 2561 1571 2593 in
1596 2559 1770 2596 madium,
1817 2565 1846 2592 el
1872 2559 1958 2594 dicit
1992 2563 2058 2596 eis:

1184 2612 1269 2648 Pas
1289 2612 1398 2647 cobis.
1452 2611 1503 2645 E!
1521 2624 1596 2644 cam
1615 2608 1681 2643 hoc
1697 2609 1870 2649 diavsssset,
1905 2613 2060 2647 ostendit

1184 2666 1234 2699 eis
1251 2676 1383 2697 manus
1401 2667 1430 2695 el
1451 2661 1549 2694 lalus
1568 2674 1685 2696 suunt.
1730 2660 1961 2697 Gavc'sisunt
1978 2676 2061 2710 ergo
