2409 2915
459 122 852 161 ANNOTATIONES
877 125 942 161 ET
967 120 1248 162 CONClONES
1286 123 1335 158 IN
1368 122 1547 162 EVANG.
1574 123 1853 165 MATTHAEI.
2009 132 2105 166 1006

27 110 30 115 ’
78 123 176 160 1005
327 124 408 164 x11.

179 210 224 245 Et
241 211 332 245 illud
348 218 399 246 est
414 207 472 244 hic
490 209 641 254 insigne,
667 210 762 255 quod
783 210 965 245 invenitur
982 222 1065 256 pro·
1085 220 1090 245 t

75 261 174 296 ditor
189 261 226 295 iu
243 262 318 306 ipso
336 273 482 295 numero
493 260 758 304 Apostolorum.
811 261 923 295 David
943 262 1063 306 prodi-
1084 252 1090 325 ΙΙ
1153 309 1174 316 ..
1268 309 1275 317 ⁶

76 319 132 346 tus
149 312 249 346 suita
265 311 382 355 Doe'g,
408 311 468 357 qui
485 312 552 345 fuit
569 310 766 346 Idumaeus.
801 310 878 345 Hoc
895 325 967 345 non
983 319 1062 347 tan-
1084 330 1088 355 3
1114 310 1188 349 alu,
1216 321 1275 353 qui
1294 310 1415 343 dolent
1433 323 1510 344 cum
1530 323 1570 345 eo
1588 313 1750 356 patiente,
1779 320 1812 348 et
1829 315 2003 349 laetantur
2021 328 2098 350 cum

75 369 150 396 tum
168 362 197 396 ei
217 363 375 396 dolorem
400 361 535 401 attulit,
563 368 716 406 quantus
741 362 844 395 dolor
867 362 954 404 fuit,
979 374 1059 396 cum
1084 368 1087 372 '
1111 367 1325 402 resurgente.

72 412 166 447 filius
184 419 215 446 et
233 413 408 457 praecipui
426 411 618 445 consiliarii
636 413 679 445 ab
703 424 743 445 eo
760 413 957 448 deficerent.
1082 387 1087 462 ,Ι
1210 410 1279 443 Sed
1298 410 1382 444 socii
1402 409 1589 453 impiorum
1611 411 1819 447 Pontificum
1845 421 1876 448 et
1893 413 2098 450 Pharisaeo-

177 472 274 512 ltem,
294 478 446 516 quantus
461 470 528 503 fuit
551 471 652 503 dolor
673 469 816 515 loseph,
840 484 918 505 cum
936 472 1059 505 fratres
1083 463 1085 469 ¹
1110 472 1188 494 ‘⁰¹¹¹
1216 467 1296 493 ⁵⁰¹¹*
1329 461 1487 505 ¹)'¹'³¹¹¹¹l³
1525 461 1585 505 ‘3¹¹1
1614 463 1719 496 ”⁸¹5⁵
1742 464 1909 497 adlffi'ffl't
1937 478 2096 510 persecu·

74 533 152 555 eum
172 522 360 555 voluerunt
376 521 584 561 interficere,
612 529 645 555 et
662 528 779 565 postea
798 522 1060 556 vendiderunt?
1109 512 1253 568 ῙῙΟΡθΠζζ
1281 510 1365 569 hen]
1383 512 1544 554 Psfflll‘or
1563 510 1683 570 [uqa-‘⁸2
1707 522 1739 546 ‘³¹
1752 514 1883 570 ‚reliqui
1901 515 2094 560 blflsl'hemi

173 578 444 614 Consideremus
470 579 576 620 igitur
602 580 638 612 in
662 580 737 623 ipso
767 587 887 620 coetu,
913 581 973 625 qui
993 593 1057 613 no-
1080 577 1083 610 Ᾰ
1107 568 1139 595 et
1155 574 1272 618 'mml’
1300 574 1358 606 qm
1379 569 1599 618 lwrsevfmm
1618 575 1653 594 ¹¹¹
1674 571 1866 621 'mp'effluf’
1893 615 1900 622 .
1923 615 1930 622 .
1978 616 1985 623 ,

72 631 228 664 minatur
239 627 414 669 Ecclesia,
445 630 529 663 tales
552 630 681 663 multos
706 642 797 668 esse,
825 631 886 676 qui
912 631 1057 664 suntsi-
1079 630 1083 679 j
1106 611 1456 695 aeter¹111u¹¹2⁰m¹¹¹b¹¹⁵
1473 613 1627 645 d¹⁰e¹u¹⁸²
1658 612 1708 647 he
1725 615 1900 648 maled'cu
1922 628 1957 647 ¹¹¹
1978 628 2091 659 'guem

71 681 171 713 miles
190 679 312 717 ludae,
340 687 372 713 et
393 680 492 712 valde
510 681 701 718 doleamus,
728 688 758 714 et
777 682 888 714 Deum
907 693 1056 721 oremuS,
1205 710 1228 746 5
1292 713 1430 746 Poende
1452 713 1642 757 impiorum
1689 714 1713 748 ι,
1800 715 1808 722 ,
1862 713 1884 748 h
1975 716 1996 749 ,ι
2037 717 2044 723 ,

1078 727 1080 734 ·
1230 736 1238 746 .
1393 725 1398 731 ·
1668 727 1685 747 ε
1704 727 1770 747 iam
1798 727 1834 748 in
1889 727 1926 749 ac
1951 729 1981 748 w
2001 728 2018 749 a
2037 729 2091 749 in·

70 743 114 764 ne
141 731 232 764 sinat
262 742 327 763 nos
355 742 417 774 per
441 731 630 764 Diabolum
661 731 752 764 xinci
786 739 819 765 et
853 732 987 776 impelli
1011 733 1054 765 ad
1104 762 1262 807 cipiunt,
1289 770 1328 797 ut
1344 776 1454 808 poena
1473 762 1591 804 Iudae,
1619 771 1650 798 et
1668 762 1760 798 haud
1777 766 1883 799 dubie
1900 767 2002 800 mulli
2019 768 2092 808 affl,

15 818 19 825 Ι
67 781 159 814 mala
180 781 346 820 consilia,
374 780 460 814 sicut
479 781 516 813 in
536 779 695 814 Iohanne
711 782 879 825 scriptum
896 790 962 816 est:
989 781 1054 817 Sa·
1136 814 1142 821 ,
1649 814 1656 821 ,
2024 818 2030 824 ,

67 839 165 867 tanas
183 831 327 865 intravit
345 831 382 864 in
399 843 458 864 cor
475 831 559 867 eius.
613 831 656 866 Et
671 831 847 866 Dominus
864 833 937 877 ipse
951 833 1053 867 dicit:
1103 813 1258 854 P¹¹²¹¹⁰⁵’
1294 813 1471 855 Hemdes’
1498 821 1531 848 Εἰ
1552 813 1739 848 P⁰m¹fice⁵
1766 813 1965 851 habuerunt
1987 824 2090 850 enam

1218 207 1255 242 4.
1309 207 1544 243 Personarum
1560 210 1656 251 socii,
1682 217 1721 245 ut
1737 212 1822 248 dixi.
1856 212 1951 248 Socii
1968 212 2099 249 Christi

1114 264 1197 292 sunt
1222 259 1323 302 pauci
1354 260 1549 302 auditores,
1575 260 1754 305 Apostoli,
1781 262 1915 307 Maria,
1942 271 1975 299 et
2001 267 2100 309 pauci

65 882 213 917 Satanas
228 882 393 926 expetivit
411 893 485 922 vos,
511 888 551 915 ut
567 882 737 916 cribraret
753 895 824 923 vos,
846 881 920 927 Ego
937 890 1051 917 autem

65 944 130 977 pro
149 939 181 967 te
199 933 318 973 oravi,
346 939 383 966 ut
407 944 479 965 non
499 933 635 967 deficiat
653 933 736 966 fides
754 941 821 967 tua.

167 990 262 1025 Haec
295 991 386 1025 dicta
409 999 579 1026 moneant
605 1003 688 1029 nos,
732 1004 776 1025 ne
808 993 916 1026 simus
940 992 1052 1026 securi

65 1041 158 1077 nihil
175 1042 366 1085 cogitantes
382 1043 426 1075 de
443 1042 581 1075 insidiis
598 1041 752 1083 Diaboli,
771 1045 828 1075 sed
845 1044 956 1076 Deum
973 1055 1052 1076 ore-

64 1105 143 1127 mus
165 1094 319 1133 assidue,
353 1099 393 1126 ut
415 1104 479 1126 nos
503 1100 615 1136 regat,
649 1106 692 1126 ne
722 1094 917 1127 incidamus
940 1094 976 1126 in
1000 1093 1051 1126 la-

4 1146 10 1181 ’,
62 1155 170 1190 queos
185 1143 339 1177 Diaboli.

167 1193 262 1227 Haec
281 1194 348 1226 iam
369 1193 451 1226 satis
470 1194 560 1226 dicta
581 1194 650 1227 siut
667 1197 708 1226 de
727 1194 896 1238 personi5‚
927 1201 957 1227 et
976 1205 1049 1226 me-

15 1262 18 1274 »
63 1252 217 1278 mentote
234 1243 323 1277 lianc
345 1245 575 1282 divisionem,
603 1244 684 1289 quia
706 1257 806 1288 saepe
831 1253 946 1287 postea
971 1257 1048 1277 rur-

63 1307 121 1329 sus
138 1296 326 1328 dicendum
345 1302 395 1328 est
412 1296 454 1328 de
479 1295 695 1328 diversarum
720 1307 946 1339 personarum
965 1306 1048 1339 ope·

3 1348 17 1383 :²
62 1346 171 1380 ribus.

161 1397 196 1430 2.
251 1393 304 1428 De
326 1406 438 1428 causa.
490 1392 532 1427 In
559 1393 630 1427 filio
647 1393 710 1427 Dei
729 1406 849 1434 causa,
876 1406 938 1427 cur
962 1393 1046 1427 velit

59 1446 152 1491 pati,
179 1451 228 1478 est
253 1446 363 1483 bona,
391 1444 538 1485 scilicet,
572 1444 652 1489 quia
676 1445 739 1478 scit
764 1443 854 1477 hanc
877 1444 1045 1477 obedien—

5 1523 8 1526 ι
59 1499 144 1532 tiam
165 1507 237 1529 esse
258 1495 430 1540 pretium,
465 1507 533 1539 quo
559 1495 712 1528 iustitiae
736 1494 801 1529 Dei
823 1495 905 1528 satis
929 1495 984 1535 fit,
1012 1501 1045 1528 et

56 1548 108 1582 ira
136 1547 314 1592 placatur,
358 1552 391 1579 et
423 1544 520 1579 Deus
544 1545 667 1589 recipit
695 1557 803 1588 genus
834 1543 1043 1588 humanum,

0 1587 5 1595 ”
56 1599 146 1632 sicut
162 1597 198 1630 in
215 1595 354 1630 Psalmo
371 1595 539 1640 scriptum
558 1602 623 1629 est:
653 1595 692 1629 In
717 1597 827 1641 capite
852 1596 934 1629 libri
957 1595 1043 1629 scri-

0 1642 8 1659 '‘
55 1656 156 1694 ptum
187 1653 238 1680 est
269 1648 312 1680 de
342 1658 415 1686 me,

0 1710 3 1739 ι
55 1699 153 1734 Deus
185 1708 301 1738 meus,
324 1697 441 1738 ·volo‚
478 1703 512 1730 et
542 1696 596 1729 lex
621 1703 679 1730 tua
704 1697 742 1730 in
777 1697 892 1730 medio
926 1696 1042 1729 cordis

0 1759 5 1788 t
52 1750 121 1784 mei
147 1755 208 1782 etc.

463 1653 501 1680 ut
531 1646 655 1679 faciam
688 1647 903 1680 voluntatem
937 1653 1043 1687 tuam,

159 1799 250 1833 Tota
267 1797 436 1842 scriptura
454 1797 614 1842 loquitur
632 1797 675 1829 de
694 1794 759 1830 hoc
778 1796 938 1829 mirando
956 1808 1041 1829 con-

0 1855 2 1880 i
59 1851 138 1885 silio
164 1848 251 1887 Dei,
286 1849 379 1893 quod
400 1848 494 1881 Deus
518 1845 582 1880 hoc
607 1848 709 1880 modo
736 1847 886 1880 voluerit
907 1848 1040 1880 salvare

53 1912 161 1946 genus
185 1897 398 1938 humanum,
430 1905 461 1931 et
486 1910 585 1941 saepe
617 1895 699 1930 haec
723 1898 881 1931 miranda
906 1898 1040 1931 delibe-

0 1951 2 1954 ’
54 1953 144 1986 ratio
159 1950 342 1994 cogitanda
359 1956 420 1988 est,
438 1948 549 1981 Filius
566 1955 614 1981 est
633 1950 836 1992 deprecator
852 1960 914 1992 pro
925 1947 1039 1981 Adam

54 2010 88 2037 et
104 2000 198 2040 Eva,
226 2008 257 2034 et
275 2000 312 2034 fit
329 2001 527 2039 decretum,
550 2007 587 2032 ut
607 2011 717 2042 poena
742 1999 777 2031 in
805 2000 920 2044 ipsum
945 1998 1040 2032 deri-

53 2060 212 2091 varetur,
240 2050 321 2096 quia
344 2051 431 2084 ordo
451 2049 603 2083 iustitiae
630 2056 722 2090 erat,
748 2056 786 2083 ut
810 2061 883 2082 non
907 2049 1039 2097 recipe-

55 2110 154 2138 retur
168 2112 276 2145 genus
297 2098 512 2141 humanum,
538 2100 606 2133 nisi
631 2100 718 2134 facta
743 2100 1039 2144 compensatione,

55 2161 88 2189 et
106 2164 254 2198 poenam
274 2151 550 2196 aequivalentem
568 2151 718 2184 solveret
736 2152 920 2186 redemtor.

154 2211 232 2245 Hoc
256 2210 460 2243 mirandum
491 2209 678 2243 consilium
701 2209 859 2255 quotidie
882 2209 1039 2252 cogitan-

52 2265 137 2299 dum
158 2269 227 2300 est,
253 2267 287 2295 et
302 2259 378 2294 Deo
403 2259 533 2303 gratiae
553 2260 707 2302 agendae
731 2272 793 2304 pro
810 2262 940 2293 donato
957 2260 1039 2293 filio.

155 2321 223 2356 Sed
242 2332 342 2354 causa
361 2319 533 2363 passionis
550 2319 585 2351 iu
604 2316 762 2352 hostibus
772 2317 913 2359 Christi,
940 2326 1040 2353 erant

53 2374 175 2409 odium
192 2371 259 2407 Dei
285 2371 321 2403 in
337 2369 509 2410 Diabolo‚
537 2376 570 2403 et
593 2370 714 2403 odium
738 2367 869 2404 Christi
893 2370 929 2402 in
946 2367 1039 2403 Pha-

52 2423 193 2464 risaeis‚
219 2421 279 2468 qui
295 2421 463 2455 nolebant
481 2431 562 2453 suos
582 2432 717 2453 errores
733 2428 764 2454 et
783 2427 920 2464 peccata
937 2432 1039 2454 accu-

53 2475 141 2515 sari,
174 2480 207 2507 et
231 2472 352 2505 eodem
377 2472 482 2505 modo
505 2483 642 2516 semper
666 2473 818 2506 oderunt
836 2482 952 2504 veram
970 2469 1039 2504 Ec-

53 2526 192 2561 clesiam
209 2521 423 2569 hypocritae.

153 2585 189 2619 8.
242 2580 327 2616 Acta
358 2580 583 2616 recitabimus
606 2580 752 2621 ordine,
790 2581 967 2625 quomodo
990 2581 1038 2615 si·

51 2635 126 2669 mul
154 2631 346 2668 mendaciis
375 2638 410 2666 et
438 2632 620 2666 manifesta
657 2632 825 2666 violentia
857 2629 1038 2666 Christum

52 2686 194 2731 perdere
209 2689 393 2718 conentur.

1103 876 1232 908 poenas
1249 865 1283 898 in
1304 862 1367 898 hac
1385 865 1472 905 vita,
1499 866 1557 898 sed
1578 872 1695 909 postea
1713 874 1904 910 sequentur
1929 874 2087 901 aeternae

1102 927 1234 959 poenae
1252 916 1364 948 multo
1382 915 1543 950 maiores.

1201 966 1236 1000 6.
1288 964 1441 999 Econtra
1465 965 1626 999 liberatio
1644 966 1815 1000 iustorum
1839 965 2025 1002 inchoatur
2049 968 2084 1001 in

1101 1017 1366 1056 resurrectione,
1395 1016 1442 1048 ibi
1463 1016 1642 1049 manifeste
1661 1017 1781 1051 vident
1799 1018 1974 1061 Apostoli,
2001 1030 2088 1063 qua-

1100 1066 1143 1099 lis
1167 1067 1211 1101 sit
1236 1069 1351 1100 futura
1376 1067 1482 1101 totius
1508 1065 1684 1100 Ecclesiae
1716 1068 1877 1102 liberatio
1906 1069 1942 1101 in
1970 1080 2087 1102 resur-

1101 1117 1266 1150 rectione.

1202 1166 1296 1200 Haec
1318 1168 1361 1200 de
1393 1166 1478 1200 Iuda
1510 1168 1592 1201 satis
1622 1168 1665 1201 sit
1698 1168 1844 1209 dixisse,
1892 1177 1923 1203 et
1947 1181 2086 1203 oremus

1098 1217 1214 1251 Deum
1240 1219 1422 1258 ardenter,
1457 1224 1494 1251 ut
1518 1230 1582 1251 nos
1608 1225 1702 1261 regat
1718 1218 1853 1262 Spiritu
1871 1232 1933 1253 suo
1951 1226 2085 1257 sancto,

1099 1280 1142 1300 ne
1160 1268 1330 1302 Diabolus
1349 1268 1503 1312 implicet
1523 1281 1586 1302 nos
1602 1269 1735 1313 laqueis
1751 1269 1834 1310 suis,
1860 1277 1897 1303 ut
1913 1283 1930 1303 a
1944 1268 2085 1303 Christo

1098 1318 1319 1358 deficiamus,
1360 1319 1474 1362 ipsum
1499 1319 1603 1352 etiam
1628 1317 1808 1353 Christum
1846 1333 2004 1359 oremus,
2048 1328 2085 1354 ut

1096 1367 1170 1410 ipse
1189 1380 1252 1401 nos
1271 1376 1384 1412 regat,
1412 1376 1445 1402 et
1470 1380 1532 1412 pro
1556 1369 1659 1402 nobis
1681 1370 1888 1411 intercedat,
1915 1371 2002 1404 sicut
2020 1383 2083 1414 pro

1096 1416 1202 1452 Petro
1222 1419 1434 1457 intercessit,
1462 1426 1494 1452 et
1511 1431 1589 1452 eum
1607 1420 1837 1454 confirmavit.

1419 1501 1526 1532 Prima
1548 1502 1761 1542 Azymorum.

1196 1561 1366 1606 Sequitur
1390 1559 1538 1596 historia
1569 1564 1612 1595 de
1645 1575 1734 1606 agno
1751 1560 1944 1602 'Paschali‚
1985 1570 2016 1597 et
2043 1564 2084 1597 de

1094 1611 1320 1647 institutione
1336 1624 1462 1645 coenae
1478 1611 1637 1646 Domini.

1196 1661 1276 1695 Non
1293 1662 1458 1695 volumus
1476 1669 1590 1696 autem
1609 1663 1677 1695 iam
1694 1663 1809 1695 dicere
1824 1663 1868 1696 de
1885 1663 1991 1697 veteri
2008 1664 2077 1697 ritu

1094 1712 1173 1756 agni
1196 1709 1386 1747 paschatis.
1448 1711 1516 1746 Sed
1543 1713 1704 1746 volumus
1742 1713 1857 1746 dicere
1882 1714 1925 1746 de
1954 1715 2082 1748 nostris

1091 1762 1347 1802 Sacramentis,
1376 1769 1409 1795 et
1425 1763 1467 1795 de
1485 1763 1618 1803 causis,
1642 1775 1704 1796 cur
1727 1775 1864 1807 semper
1888 1764 2018 1797 fuerint
2044 1765 2080 1797 in

1092 1811 1247 1847 Ecclesia
1258 1812 1494 1853 Sacramenta,
1517 1820 1550 1847 et
1567 1814 1644 1858 quis
1661 1814 1706 1847 sit
1722 1825 1843 1846 eorum
1859 1825 1952 1847 usus.
1981 1814 2080 1848 Hanc

1092 1864 1288 1897 doctrinam
1323 1875 1458 1896 necesse
1488 1870 1539 1897 est
1563 1876 1664 1907 saepe
1697 1864 1826 1907 repeti,
1868 1872 1901 1898 et
1924 1863 2007 1898 baec
2032 1872 2081 1899 est

1092 1914 1204 1958 prima
1221 1926 1319 1946 causa
1345 1913 1576 1948 institutionis
1593 1914 1899 1949 Sacramentorum
1916 1917 2082 1949 omnibus

1092 1965 1320 2009 temporibus.

1193 2014 1282 2049 Cum
1306 2014 1401 2049 Deus
1425 2013 1595 2048 immensa
1627 2014 1866 2049 misericordia
1892 2016 1976 2050 velit
2007 2017 2079 2049 cnl-

1092 2066 1201 2109 ligere
1234 2073 1410 2099 aeternam
1443 2063 1636 2099 Ecclesiam
1669 2077 1709 2098 ex
1743 2077 1868 2109 genere
1910 2064 2076 2109 humano,

1093 2117 1201 2150 edidit
1221 2117 1303 2150 inde
1320 2128 1430 2161 usque
1447 2117 1491 2150 ab
1508 2116 1610 2149 initio
1630 2127 1726 2148 suam
1748 2116 2014 2159 promissionem
2033 2118 2076 2150 de

1091 2167 1398 2208 reconciliatione,
1425 2173 1457 2200 et
1474 2167 1609 2200 addidit
1635 2173 1773 2200 externa
1800 2166 1951 2199 visibilia
1970 2167 2078 2208 sigua,

1092 2218 1173 2262 quia
1200 2218 1274 2251 vult
1304 2218 1401 2251 illam
1432 2217 1700 2261 promissionem
1728 2228 1852 2249 sonare
1886 2217 1922 2248 in
1951 2229 2075 2260 genere

1091 2266 1265 2307 humano,
1306 2275 1339 2302 et
1368 2275 1406 2301 ut
1435 2268 1622 2312 promissio
1654 2267 1711 2300 fiat
1743 2266 1932 2309 insignior,
1965 2268 2076 2301 oculis

1090 2319 1193 2354 etiam
1212 2319 1389 2364 proposita
1404 2325 1483 2352 sunt
1503 2325 1641 2351 externa
1660 2317 1812 2349 visibilia
1829 2317 1936 2360 signa.

1193 2378 1277 2411 ltem
1310 2390 1387 2411 cum
1414 2377 1496 2409 velit
1521 2374 1711 2408 Ecclesiam
1745 2386 1817 2408 esse
1839 2382 1971 2408 certum
1997 2387 2075 2409 coe-

1089 2435 1162 2463 tum
1179 2429 1382 2462 distinctum
1409 2428 1452 2460 ab
1475 2426 1552 2459 aliis
1573 2425 1755 2466 gentibus,
1783 2426 1854 2459 vult
1882 2437 1954 2458 esse
1975 2426 2072 2468 signa

1089 2479 1358 2523 distinguentia,
1395 2484 1431 2510 ut
1451 2476 1669 2510 circumcisio
1698 2476 1913 2509 discernebat
1935 2475 2071 2509 Israeli-

1089 2537 1140 2564 tas
1157 2543 1174 2564 a
1192 2529 1333 2564 caeteris
1352 2528 1513 2571 gentibus
1531 2526 1706 2567 omnibus,
1723 2525 1925 2570 Baptismus
1942 2527 2073 2559 discer-

1088 2582 1142 2615 nit
1160 2593 1223 2614 nos
1241 2581 1285 2613 ab
1304 2579 1374 2612 illis
1393 2578 1566 2622 gentibus.

1190 2630 1274 2664 Vult
1293 2629 1397 2663 etiam
1416 2629 1532 2673 aliqua
1551 2627 1648 2670 signa
1664 2638 1736 2660 esse
1754 2627 1894 2660 vincula
1911 2627 2071 2671 publico-

1088 2694 1166 2716 rum
1189 2692 1456 2724 congressuum,
1491 2678 1571 2724 quia
1596 2678 1828 2712 certissimum
1852 2684 1922 2713 est.
1956 2677 2069 2713 Deum
