<?xml version="1.0" encoding="UTF-8"?>
<!DOCTYPE html PUBLIC "-//W3C//DTD XHTML 1.0 Transitional//EN"
    "http://www.w3.org/TR/xhtml1/DTD/xhtml1-transitional.dtd">
<html xmlns="http://www.w3.org/1999/xhtml" xml:lang="en" lang="en">
 <head>
  <title>
</title>
<meta http-equiv="Content-Type" content="text/html;charset=utf-8" />
  <meta name='ocr-system' content='tesseract 3.04.00' />
  <meta name='ocr-capabilities' content='ocr_page ocr_carea ocr_par ocr_line ocrx_word'/>
</head>
<body>
  <div class='ocr_page' id='page_1' title='image "./operaquaesupersu14melauoft/operaquaesupersu14melauoft_0109.png"; bbox 0 0 2409 2915; ppageno 0'>
   <div class='ocr_carea' id='block_1_1' title="bbox 0 0 38 1802">
    <p class='ocr_par' dir='ltr' id='par_1_1' title="bbox 0 0 38 1802">
     <span class='ocr_line' id='line_1_1' title="bbox 0 0 38 1802; baseline 0 0"><span class='ocrx_word' id='word_1_1' title='bbox 0 0 38 1802; x_wconf 95' lang='lat' dir='ltr'><em> </em></span> 
     </span>
    </p>
   </div>
   <div class='ocr_carea' id='block_1_2' title="bbox 80 110 693 163">
    <p class='ocr_par' dir='ltr' id='par_1_2' title="bbox 80 110 693 163">
     <span class='ocr_line' id='line_1_2' title="bbox 80 110 693 163; baseline -0.01 -1"><span class='ocrx_word' id='word_1_2' title='bbox 80 110 151 163; x_wconf 70' lang='lat'><em>261</em></span> <span class='ocrx_word' id='word_1_3' title='bbox 612 122 693 157; x_wconf 79' lang='grc' dir='ltr'><em>ΧΠ.</em></span> 
     </span>
    </p>
   </div>
   <div class='ocr_carea' id='block_1_3' title="bbox 230 206 904 259">
    <p class='ocr_par' dir='ltr' id='par_1_3' title="bbox 230 206 904 259">
     <span class='ocr_line' id='line_1_3' title="bbox 230 206 904 259; baseline -0.009 -9"><span class='ocrx_word' id='word_1_4' title='bbox 230 209 450 250; x_wconf 79' lang='lat' dir='ltr'><em>Dominica</em></span> <span class='ocrx_word' id='word_1_5' title='bbox 471 208 502 249; x_wconf 87' lang='grc' dir='ltr'><em>Ι.</em></span> <span class='ocrx_word' id='word_1_6' title='bbox 530 210 626 259; x_wconf 87' lang='lat' dir='ltr'><em>post</em></span> <span class='ocrx_word' id='word_1_7' title='bbox 655 206 904 258; x_wconf 84' lang='lat' dir='ltr'><em>Epiphania.</em></span> 
     </span>
    </p>
   </div>
   <div class='ocr_carea' id='block_1_4' title="bbox 355 279 780 325">
    <p class='ocr_par' dir='ltr' id='par_1_4' title="bbox 355 279 780 325">
     <span class='ocr_line' id='line_1_4' title="bbox 355 279 780 325; baseline -0.009 -8"><span class='ocrx_word' id='word_1_8' title='bbox 355 281 588 325; x_wconf 84' lang='lat' dir='ltr'><em>Evangelium</em></span> <span class='ocrx_word' id='word_1_9' title='bbox 613 279 727 314; x_wconf 84' lang='lat' dir='ltr'>Lucae</span> <span class='ocrx_word' id='word_1_10' title='bbox 744 282 780 314; x_wconf 76' lang='lat'><em>2.</em></span> 
     </span>
    </p>
   </div>
   <div class='ocr_carea' id='block_1_5' title="bbox 131 343 1058 598">
    <p class='ocr_par' dir='ltr' id='par_1_5' title="bbox 131 343 1058 598">
     <span class='ocr_line' id='line_1_5' title="bbox 131 343 1058 395; baseline -0.009 -10"><span class='ocrx_word' id='word_1_11' title='bbox 131 350 183 385; x_wconf 82' lang='lat' dir='ltr'><em>Et</em></span> <span class='ocrx_word' id='word_1_12' title='bbox 210 350 314 384; x_wconf 83' lang='lat' dir='ltr'><em>ibant</em></span> <span class='ocrx_word' id='word_1_13' title='bbox 334 351 503 395; x_wconf 82' lang='lat' dir='ltr'><em>parentes</em></span> <span class='ocrx_word' id='word_1_14' title='bbox 525 346 602 379; x_wconf 92' lang='lat' dir='ltr'><em>eius</em></span> <span class='ocrx_word' id='word_1_15' title='bbox 624 344 822 393; x_wconf 77' lang='lat' dir='ltr'><em>quotannis</em></span> <span class='ocrx_word' id='word_1_16' title='bbox 846 344 884 377; x_wconf 88' lang='lat' dir='ltr'><em>in</em></span> <span class='ocrx_word' id='word_1_17' title='bbox 908 343 1058 378; x_wconf 82' lang='lat' dir='ltr'><em>Ierusa-</em></span> 
     </span>
     <span class='ocr_line' id='line_1_6' title="bbox 181 393 1058 445; baseline -0.007 -10"><span class='ocrx_word' id='word_1_18' title='bbox 181 400 269 439; x_wconf 89' lang='lat' dir='ltr'><em>lem,</em></span> <span class='ocrx_word' id='word_1_19' title='bbox 297 400 335 432; x_wconf 86' lang='lat' dir='ltr'><em>in</em></span> <span class='ocrx_word' id='word_1_20' title='bbox 352 397 408 431; x_wconf 84' lang='lat' dir='ltr'><em>die</em></span> <span class='ocrx_word' id='word_1_21' title='bbox 420 398 522 445; x_wconf 87' lang='lat' dir='ltr'><em>sesto</em></span> <span class='ocrx_word' id='word_1_22' title='bbox 538 393 715 430; x_wconf 81' lang='lat' dir='ltr'><em>Paschae.</em></span> <span class='ocrx_word' id='word_1_23' title='bbox 767 395 820 428; x_wconf 78' lang='lat' dir='ltr'><em>Ec</em></span> <span class='ocrx_word' id='word_1_24' title='bbox 838 407 914 428; x_wconf 84' lang='lat' dir='ltr'><em>cum</em></span> <span class='ocrx_word' id='word_1_25' title='bbox 927 396 1058 442; x_wconf 80' lang='lat' dir='ltr'><em>sactus</em></span> 
     </span>
     <span class='ocr_line' id='line_1_7' title="bbox 181 444 1057 484; baseline -0.007 0"><span class='ocrx_word' id='word_1_26' title='bbox 181 455 268 484; x_wconf 82' lang='lat' dir='ltr'><em>esset</em></span> <span class='ocrx_word' id='word_1_27' title='bbox 306 460 489 483; x_wconf 87' lang='lat' dir='ltr'><em>annorum</em></span> <span class='ocrx_word' id='word_1_28' title='bbox 529 445 732 484; x_wconf 79' lang='lat' dir='ltr'><em>duodecim,</em></span> <span class='ocrx_word' id='word_1_29' title='bbox 783 444 1057 479; x_wconf 79' lang='lat' dir='ltr'><em>ascendentibus</em></span> 
     </span>
     <span class='ocr_line' id='line_1_8' title="bbox 181 494 1058 544; baseline -0.006 -10"><span class='ocrx_word' id='word_1_30' title='bbox 181 499 260 534; x_wconf 85' lang='lat' dir='ltr'><em>illis</em></span> <span class='ocrx_word' id='word_1_31' title='bbox 291 497 560 544; x_wconf 82' lang='lat' dir='ltr'><em>lerosolymam</em></span> <span class='ocrx_word' id='word_1_32' title='bbox 598 494 792 530; x_wconf 84' lang='lat' dir='ltr'><em>secundum</em></span> <span class='ocrx_word' id='word_1_33' title='bbox 831 494 1058 530; x_wconf 83' lang='lat' dir='ltr'><em>consuetudi-</em></span> 
     </span>
     <span class='ocr_line' id='line_1_9' title="bbox 180 546 1058 598; baseline -0.006 -14"><span class='ocrx_word' id='word_1_34' title='bbox 180 563 259 584; x_wconf 84' lang='lat' dir='ltr'><em>nem</em></span> <span class='ocrx_word' id='word_1_35' title='bbox 272 550 384 598; x_wconf 90' lang='lat' dir='ltr'><em>festi,</em></span> <span class='ocrx_word' id='word_1_36' title='bbox 412 548 741 595; x_wconf 76' lang='lat' dir='ltr'><em>consummatisque</em></span> <span class='ocrx_word' id='word_1_37' title='bbox 766 546 891 581; x_wconf 85' lang='lat' dir='ltr'><em>diebus</em></span> <span class='ocrx_word' id='word_1_38' title='bbox 911 559 986 580; x_wconf 89' lang='lat' dir='ltr'><em>cum</em></span> <span class='ocrx_word' id='word_1_39' title='bbox 1005 558 1058 580; x_wconf 88' lang='lat' dir='ltr'><em>re-</em></span> 
     </span>
    </p>
   </div>
   <div class='ocr_carea' id='block_1_6' title="bbox 178 596 1085 645">
    <p class='ocr_par' dir='ltr' id='par_1_6' title="bbox 178 596 1085 645">
     <span class='ocr_line' id='line_1_10' title="bbox 178 596 1085 645; baseline -0.006 -11"><span class='ocrx_word' id='word_1_40' title='bbox 178 599 296 635; x_wconf 88' lang='lat' dir='ltr'><em>dirent</em></span> <span class='ocrx_word' id='word_1_41' title='bbox 329 598 409 641; x_wconf 84' lang='lat' dir='ltr'><em>illi,</em></span> <span class='ocrx_word' id='word_1_42' title='bbox 444 598 617 633; x_wconf 80' lang='lat' dir='ltr'><em>remansit</em></span> <span class='ocrx_word' id='word_1_43' title='bbox 646 610 735 645; x_wconf 90' lang='lat' dir='ltr'><em>puer</em></span> <span class='ocrx_word' id='word_1_44' title='bbox 758 596 862 631; x_wconf 87' lang='lat' dir='ltr'><em>Iesus</em></span> <span class='ocrx_word' id='word_1_45' title='bbox 890 598 927 630; x_wconf 89' lang='lat' dir='ltr'><em>in</em></span> <span class='ocrx_word' id='word_1_46' title='bbox 954 596 1057 630; x_wconf 89' lang='lat' dir='ltr'><em>Ieru-</em></span> <span class='ocrx_word' id='word_1_47' title='bbox 1082 613 1085 622; x_wconf 56' lang='lat'><strong>⁴</strong></span> 
     </span>
    </p>
   </div>
   <div class='ocr_carea' id='block_1_7' title="bbox 177 648 1056 695">
    <p class='ocr_par' dir='ltr' id='par_1_7' title="bbox 177 648 1056 695">
     <span class='ocr_line' id='line_1_11' title="bbox 177 648 1056 695; baseline -0.006 -10"><span class='ocrx_word' id='word_1_48' title='bbox 177 650 312 691; x_wconf 87' lang='lat' dir='ltr'><em>salem,</em></span> <span class='ocrx_word' id='word_1_49' title='bbox 346 655 376 684; x_wconf 87' lang='lat' dir='ltr'><em>et</em></span> <span class='ocrx_word' id='word_1_50' title='bbox 406 663 478 683; x_wconf 89' lang='lat' dir='ltr'><em>non</em></span> <span class='ocrx_word' id='word_1_51' title='bbox 511 653 750 695; x_wconf 65' lang='lat' dir='ltr'><em>cognoverunt</em></span> <span class='ocrx_word' id='word_1_52' title='bbox 781 653 945 692; x_wconf 86' lang='lat' dir='ltr'><em>parentes</em></span> <span class='ocrx_word' id='word_1_53' title='bbox 972 648 1056 680; x_wconf 85' lang='lat' dir='ltr'><em>eius.</em></span> 
     </span>
    </p>
   </div>
   <div class='ocr_carea' id='block_1_8' title="bbox 179 698 1085 739">
    <p class='ocr_par' dir='ltr' id='par_1_8' title="bbox 179 698 1085 739">
     <span class='ocr_line' id='line_1_12' title="bbox 179 698 1085 739; baseline -0.006 -4"><span class='ocrx_word' id='word_1_54' title='bbox 179 700 454 735; x_wconf 76' lang='lat' dir='ltr'><em>E.2·isu&#39;mantes</em></span> <span class='ocrx_word' id='word_1_55' title='bbox 477 706 596 734; x_wconf 83' lang='lat' dir='ltr'><em>autem</em></span> <span class='ocrx_word' id='word_1_56' title='bbox 620 711 697 732; x_wconf 90' lang='lat' dir='ltr'><em>eum</em></span> <span class='ocrx_word' id='word_1_57' title='bbox 719 711 794 733; x_wconf 84' lang='lat' dir='ltr'><em>esse</em></span> <span class='ocrx_word' id='word_1_58' title='bbox 815 699 851 731; x_wconf 90' lang='lat' dir='ltr'><em>in</em></span> <span class='ocrx_word' id='word_1_59' title='bbox 873 698 1057 737; x_wconf 83' lang='lat' dir='ltr'><em>comitatu,</em></span> <span class='ocrx_word' id='word_1_60' title='bbox 1083 735 1085 739; x_wconf 19' lang='lat'><strong>¹</strong></span> 
     </span>
    </p>
   </div>
   <div class='ocr_carea' id='block_1_9' title="bbox 127 748 1060 1847">
    <p class='ocr_par' dir='ltr' id='par_1_9' title="bbox 177 748 1058 1202">
     <span class='ocr_line' id='line_1_13' title="bbox 180 748 1058 797; baseline -0.007 -11"><span class='ocrx_word' id='word_1_61' title='bbox 180 756 347 786; x_wconf 65' lang='lat' dir='ltr'><em>venerunt</em></span> <span class='ocrx_word' id='word_1_62' title='bbox 373 752 439 784; x_wconf 89' lang='lat' dir='ltr'><em>iter</em></span> <span class='ocrx_word' id='word_1_63' title='bbox 456 749 545 789; x_wconf 84' lang='lat' dir='ltr'><em>diei,</em></span> <span class='ocrx_word' id='word_1_64' title='bbox 573 755 603 783; x_wconf 86' lang='lat' dir='ltr'><em>el</em></span> <span class='ocrx_word' id='word_1_65' title='bbox 623 749 852 797; x_wconf 78' lang='lat' dir='ltr'><em>requirebant</em></span> <span class='ocrx_word' id='word_1_66' title='bbox 872 761 948 782; x_wconf 89' lang='lat' dir='ltr'><em>eum</em></span> <span class='ocrx_word' id='word_1_67' title='bbox 966 748 1058 781; x_wconf 86' lang='lat' dir='ltr'><em>inter</em></span> 
     </span>
     <span class='ocr_line' id='line_1_14' title="bbox 181 798 1057 849; baseline -0.007 -12"><span class='ocrx_word' id='word_1_68' title='bbox 181 807 355 849; x_wconf 79' lang='lat' dir='ltr'><em>cognatos</em></span> <span class='ocrx_word' id='word_1_69' title='bbox 380 806 409 835; x_wconf 91' lang='lat' dir='ltr'><em>et</em></span> <span class='ocrx_word' id='word_1_70' title='bbox 433 801 525 834; x_wconf 88' lang='lat' dir='ltr'><em>inter</em></span> <span class='ocrx_word' id='word_1_71' title='bbox 544 805 660 836; x_wconf 86' lang='lat' dir='ltr'><em>notos.</em></span> <span class='ocrx_word' id='word_1_72' title='bbox 716 799 768 832; x_wconf 78' lang='lat' dir='ltr'><em>Et</em></span> <span class='ocrx_word' id='word_1_73' title='bbox 787 813 857 833; x_wconf 85' lang='lat' dir='ltr'><em>non</em></span> <span class='ocrx_word' id='word_1_74' title='bbox 876 798 1057 832; x_wconf 62' lang='lat' dir='ltr'><em>invenien-</em></span> 
     </span>
     <span class='ocr_line' id='line_1_15' title="bbox 179 849 1056 898; baseline -0.007 -10"><span class='ocrx_word' id='word_1_75' title='bbox 179 859 230 888; x_wconf 81' lang='lat' dir='ltr'><em>tes</em></span> <span class='ocrx_word' id='word_1_76' title='bbox 258 865 353 891; x_wconf 89' lang='lat' dir='ltr'><em>eum,</em></span> <span class='ocrx_word' id='word_1_77' title='bbox 388 851 542 898; x_wconf 79' lang='lat' dir='ltr'><strong><em>regressi</em></strong></span> <span class='ocrx_word' id='word_1_78' title='bbox 571 856 655 885; x_wconf 88' lang='lat' dir='ltr'><em>sunt</em></span> <span class='ocrx_word' id='word_1_79' title='bbox 686 850 724 883; x_wconf 87' lang='lat' dir='ltr'><em>in</em></span> <span class='ocrx_word' id='word_1_80' title='bbox 750 849 970 891; x_wconf 78' lang='lat' dir='ltr'><em>Ierusalem,</em></span> <span class='ocrx_word' id='word_1_81' title='bbox 1004 860 1056 882; x_wconf 86' lang='lat' dir='ltr'><em>re-</em></span> 
     </span>
     <span class='ocr_line' id='line_1_16' title="bbox 179 898 1057 952; baseline -0.006 -15"><span class='ocrx_word' id='word_1_82' title='bbox 179 905 359 952; x_wconf 78' lang='lat' dir='ltr'><em>quirentes</em></span> <span class='ocrx_word' id='word_1_83' title='bbox 392 915 480 936; x_wconf 88' lang='lat' dir='ltr'><em>eum.</em></span> <span class='ocrx_word' id='word_1_84' title='bbox 534 900 587 934; x_wconf 86' lang='lat' dir='ltr'><em>Et</em></span> <span class='ocrx_word' id='word_1_85' title='bbox 615 902 763 949; x_wconf 86' lang='lat' dir='ltr'><em>factum</em></span> <span class='ocrx_word' id='word_1_86' title='bbox 797 906 846 934; x_wconf 88' lang='lat' dir='ltr'><em>est</em></span> <span class='ocrx_word' id='word_1_87' title='bbox 877 905 958 947; x_wconf 84' lang='lat' dir='ltr'><em>post</em></span> <span class='ocrx_word' id='word_1_88' title='bbox 991 898 1057 932; x_wconf 87' lang='lat' dir='ltr'><em>tri-</em></span> 
     </span>
     <span class='ocr_line' id='line_1_17' title="bbox 179 947 1058 998; baseline -0.006 -11"><span class='ocrx_word' id='word_1_89' title='bbox 179 953 309 994; x_wconf 85' lang='lat' dir='ltr'><em>duum,</em></span> <span class='ocrx_word' id='word_1_90' title='bbox 344 953 553 986; x_wconf 63' lang='lat' dir='ltr'><em>invenerunt</em></span> <span class='ocrx_word' id='word_1_91' title='bbox 581 951 688 985; x_wconf 89' lang='lat' dir='ltr'><em>illum</em></span> <span class='ocrx_word' id='word_1_92' title='bbox 717 952 754 985; x_wconf 90' lang='lat' dir='ltr'><em>in</em></span> <span class='ocrx_word' id='word_1_93' title='bbox 779 951 911 998; x_wconf 85' lang='lat' dir='ltr'><em>templo</em></span> <span class='ocrx_word' id='word_1_94' title='bbox 933 947 1058 983; x_wconf 84' lang='lat' dir='ltr'><em>seden-</em></span> 
     </span>
     <span class='ocr_line' id='line_1_18' title="bbox 178 999 1058 1043; baseline -0.006 -5"><span class='ocrx_word' id='word_1_95' title='bbox 178 1010 246 1039; x_wconf 84' lang='lat' dir='ltr'><em>tem</em></span> <span class='ocrx_word' id='word_1_96' title='bbox 267 1005 305 1037; x_wconf 89' lang='lat' dir='ltr'><em>in</em></span> <span class='ocrx_word' id='word_1_97' title='bbox 322 1002 439 1037; x_wconf 83' lang='lat' dir='ltr'><em>medio</em></span> <span class='ocrx_word' id='word_1_98' title='bbox 458 1001 641 1037; x_wconf 83' lang='lat' dir='ltr'><em>doctorum</em></span> <span class='ocrx_word' id='word_1_99' title='bbox 655 1030 663 1043; x_wconf 89' lang='lat'><em>,</em></span> <span class='ocrx_word' id='word_1_100' title='bbox 691 1007 720 1035; x_wconf 91' lang='lat' dir='ltr'><em>et</em></span> <span class='ocrx_word' id='word_1_101' title='bbox 737 1000 942 1035; x_wconf 78' lang='lat' dir='ltr'><em>audientem</em></span> <span class='ocrx_word' id='word_1_102' title='bbox 960 999 1058 1039; x_wconf 77' lang='lat' dir='ltr'><em>illos,</em></span> 
     </span>
     <span class='ocr_line' id='line_1_19' title="bbox 177 1052 1056 1100; baseline -0.008 -11"><span class='ocrx_word' id='word_1_103' title='bbox 177 1061 207 1089; x_wconf 84' lang='lat' dir='ltr'><em>et</em></span> <span class='ocrx_word' id='word_1_104' title='bbox 249 1055 531 1100; x_wconf 76' lang='lat' dir='ltr'><em>interrogantem</em></span> <span class='ocrx_word' id='word_1_105' title='bbox 563 1065 631 1088; x_wconf 88' lang='lat' dir='ltr'><em>eos.</em></span> <span class='ocrx_word' id='word_1_106' title='bbox 706 1052 909 1098; x_wconf 80' lang='lat' dir='ltr'><em>Stupebant</em></span> <span class='ocrx_word' id='word_1_107' title='bbox 938 1055 1056 1084; x_wconf 85' lang='lat' dir='ltr'><em>autem</em></span> 
     </span>
     <span class='ocr_line' id='line_1_20' title="bbox 179 1100 1056 1152; baseline -0.007 -13"><span class='ocrx_word' id='word_1_108' title='bbox 179 1118 320 1145; x_wconf 83' lang='lat' dir='ltr'><em>omnes,</em></span> <span class='ocrx_word' id='word_1_109' title='bbox 353 1104 418 1152; x_wconf 77' lang='lat' dir='ltr'><em>qui</em></span> <span class='ocrx_word' id='word_1_110' title='bbox 442 1116 518 1137; x_wconf 89' lang='lat' dir='ltr'><em>eum</em></span> <span class='ocrx_word' id='word_1_111' title='bbox 542 1101 763 1144; x_wconf 72' lang='lat' dir='ltr'><em>audiebant,</em></span> <span class='ocrx_word' id='word_1_112' title='bbox 790 1115 896 1149; x_wconf 86' lang='lat' dir='ltr'><em>super</em></span> <span class='ocrx_word' id='word_1_113' title='bbox 920 1100 1056 1135; x_wconf 88' lang='lat' dir='ltr'><em>intelli-</em></span> 
     </span>
     <span class='ocr_line' id='line_1_21' title="bbox 177 1154 654 1202; baseline -0.006 -12"><span class='ocrx_word' id='word_1_114' title='bbox 177 1156 303 1202; x_wconf 77' lang='lat' dir='ltr'><em>gentia</em></span> <span class='ocrx_word' id='word_1_115' title='bbox 322 1160 351 1189; x_wconf 81' lang='lat' dir='ltr'><em>el</em></span> <span class='ocrx_word' id='word_1_116' title='bbox 372 1154 552 1201; x_wconf 85' lang='lat' dir='ltr'><em>responsis</em></span> <span class='ocrx_word' id='word_1_117' title='bbox 569 1156 654 1190; x_wconf 88' lang='lat' dir='ltr'><em>eius.</em></span> 
     </span>
    </p>

    <p class='ocr_par' dir='ltr' id='par_1_10' title="bbox 127 1201 1060 1847">
     <span class='ocr_line' id='line_1_22' title="bbox 127 1201 1059 1251; baseline -0.005 -12"><span class='ocrx_word' id='word_1_118' title='bbox 127 1205 180 1241; x_wconf 85' lang='lat' dir='ltr'><em>Et</em></span> <span class='ocrx_word' id='word_1_119' title='bbox 206 1205 361 1240; x_wconf 71' lang='lat' dir='ltr'><em>videntes</em></span> <span class='ocrx_word' id='word_1_120' title='bbox 385 1217 484 1247; x_wconf 88' lang='lat' dir='ltr'><em>eum,</em></span> <span class='ocrx_word' id='word_1_121' title='bbox 509 1204 713 1251; x_wconf 83' lang='lat' dir='ltr'><em>stupebant.</em></span> <span class='ocrx_word' id='word_1_122' title='bbox 754 1202 807 1237; x_wconf 87' lang='lat' dir='ltr'><em>Et</em></span> <span class='ocrx_word' id='word_1_123' title='bbox 828 1201 925 1237; x_wconf 64' lang='lat' dir='ltr'><em>dixit</em></span> <span class='ocrx_word' id='word_1_124' title='bbox 944 1206 1059 1235; x_wconf 90' lang='lat' dir='ltr'><em>mater</em></span> 
     </span>
     <span class='ocr_line' id='line_1_23' title="bbox 179 1252 1060 1302; baseline -0.007 -12"><span class='ocrx_word' id='word_1_125' title='bbox 179 1257 255 1291; x_wconf 89' lang='lat' dir='ltr'><em>eius</em></span> <span class='ocrx_word' id='word_1_126' title='bbox 270 1254 325 1289; x_wconf 87' lang='lat' dir='ltr'><em>ad</em></span> <span class='ocrx_word' id='word_1_127' title='bbox 339 1255 466 1289; x_wconf 85' lang='lat' dir='ltr'><em>illum:</em></span> <span class='ocrx_word' id='word_1_128' title='bbox 493 1253 591 1296; x_wconf 82' lang='lat' dir='ltr'><em>Fili,</em></span> <span class='ocrx_word' id='word_1_129' title='bbox 619 1252 712 1302; x_wconf 80' lang='lat' dir='ltr'><em>quid</em></span> <span class='ocrx_word' id='word_1_130' title='bbox 726 1254 848 1298; x_wconf 78' lang='lat' dir='ltr'><em>fecisti</em></span> <span class='ocrx_word' id='word_1_131' title='bbox 862 1253 966 1287; x_wconf 85' lang='lat' dir='ltr'><em>nobis</em></span> <span class='ocrx_word' id='word_1_132' title='bbox 983 1252 1060 1285; x_wconf 76' lang='lat' dir='ltr'><em>sic?</em></span> 
     </span>
     <span class='ocr_line' id='line_1_24' title="bbox 178 1302 1058 1352; baseline -0.006 -12"><span class='ocrx_word' id='word_1_133' title='bbox 178 1306 271 1341; x_wconf 84' lang='lat' dir='ltr'><em>Ecce</em></span> <span class='ocrx_word' id='word_1_134' title='bbox 301 1311 405 1352; x_wconf 87' lang='lat' dir='ltr'><em>pater</em></span> <span class='ocrx_word' id='word_1_135' title='bbox 425 1311 508 1339; x_wconf 84' lang='lat' dir='ltr'><em>tuus</em></span> <span class='ocrx_word' id='word_1_136' title='bbox 533 1310 563 1338; x_wconf 86' lang='lat' dir='ltr'><em>et</em></span> <span class='ocrx_word' id='word_1_137' title='bbox 587 1317 650 1350; x_wconf 77' lang='lat' dir='ltr'><em>ego</em></span> <span class='ocrx_word' id='word_1_138' title='bbox 673 1303 832 1337; x_wconf 85' lang='lat' dir='ltr'><em>dolentes</em></span> <span class='ocrx_word' id='word_1_139' title='bbox 857 1302 1058 1350; x_wconf 82' lang='lat' dir='ltr'><em>quaereba-</em></span> 
     </span>
     <span class='ocr_line' id='line_1_25' title="bbox 177 1361 331 1390; baseline -0.006 0"><span class='ocrx_word' id='word_1_140' title='bbox 177 1370 258 1390; x_wconf 88' lang='lat' dir='ltr'><em>mus</em></span> <span class='ocrx_word' id='word_1_141' title='bbox 286 1361 331 1390; x_wconf 84' lang='lat' dir='ltr'><em>te.</em></span> 
     </span>
     <span class='ocr_line' id='line_1_26' title="bbox 179 1400 1058 1455; baseline -0.006 -14"><span class='ocrx_word' id='word_1_142' title='bbox 179 1420 232 1441; x_wconf 87' lang='lat' dir='ltr'><em>me</em></span> <span class='ocrx_word' id='word_1_143' title='bbox 247 1406 505 1455; x_wconf 72' lang='lat' dir='ltr'><em>quaerebatis?</em></span> <span class='ocrx_word' id='word_1_144' title='bbox 544 1404 792 1445; x_wconf 77' lang='lat' dir='ltr'><em>Nesciebatis‚</em></span> <span class='ocrx_word' id='word_1_145' title='bbox 819 1407 917 1451; x_wconf 80' lang='lat' dir='ltr'><em>quod</em></span> <span class='ocrx_word' id='word_1_146' title='bbox 933 1403 969 1437; x_wconf 87' lang='lat' dir='ltr'><em>in</em></span> <span class='ocrx_word' id='word_1_147' title='bbox 987 1400 1058 1443; x_wconf 79' lang='lat' dir='ltr'><em>his,</em></span> 
     </span>
     <span class='ocr_line' id='line_1_27' title="bbox 179 1453 1057 1506; baseline -0.006 -15"><span class='ocrx_word' id='word_1_148' title='bbox 179 1469 271 1506; x_wconf 85' lang='lat' dir='ltr'><em>quae</em></span> <span class='ocrx_word' id='word_1_149' title='bbox 287 1455 414 1491; x_wconf 80' lang='lat' dir='ltr'><em>Patris</em></span> <span class='ocrx_word' id='word_1_150' title='bbox 431 1457 502 1490; x_wconf 85' lang='lat' dir='ltr'><em>mei</em></span> <span class='ocrx_word' id='word_1_151' title='bbox 517 1461 620 1497; x_wconf 86' lang='lat' dir='ltr'><em>sunt,</em></span> <span class='ocrx_word' id='word_1_152' title='bbox 649 1460 783 1503; x_wconf 70' lang='lat' dir='ltr'><em>oportet</em></span> <span class='ocrx_word' id='word_1_153' title='bbox 801 1467 854 1488; x_wconf 90' lang='lat' dir='ltr'><em>me</em></span> <span class='ocrx_word' id='word_1_154' title='bbox 871 1454 968 1488; x_wconf 71' lang='lat' dir='ltr'><em>esse?</em></span> <span class='ocrx_word' id='word_1_155' title='bbox 1006 1453 1057 1486; x_wconf 66' lang='lat' dir='ltr'><em>Iit</em></span> 
     </span>
     <span class='ocr_line' id='line_1_28' title="bbox 177 1504 1058 1556; baseline -0.006 -14"><span class='ocrx_word' id='word_1_156' title='bbox 177 1511 252 1556; x_wconf 83' lang='lat' dir='ltr'><em>ipsi</em></span> <span class='ocrx_word' id='word_1_157' title='bbox 275 1520 346 1542; x_wconf 89' lang='lat' dir='ltr'><em>non</em></span> <span class='ocrx_word' id='word_1_158' title='bbox 366 1507 623 1541; x_wconf 76' lang='lat' dir='ltr'><em>intellexerunt</em></span> <span class='ocrx_word' id='word_1_159' title='bbox 643 1505 784 1540; x_wconf 68' lang='lat' dir='ltr'><em>verbum</em></span> <span class='ocrx_word' id='word_1_160' title='bbox 804 1504 904 1553; x_wconf 73' lang='lat' dir='ltr'><em>quod</em></span> <span class='ocrx_word' id='word_1_161' title='bbox 919 1504 1058 1538; x_wconf 85' lang='lat' dir='ltr'><em>locutus</em></span> 
     </span>
     <span class='ocr_line' id='line_1_29' title="bbox 177 1554 1058 1597; baseline -0.006 -4"><span class='ocrx_word' id='word_1_162' title='bbox 177 1564 227 1593; x_wconf 85' lang='lat' dir='ltr'><em>est</em></span> <span class='ocrx_word' id='word_1_163' title='bbox 245 1559 307 1593; x_wconf 85' lang='lat' dir='ltr'><em>eis.</em></span> <span class='ocrx_word' id='word_1_164' title='bbox 361 1557 413 1592; x_wconf 82' lang='lat' dir='ltr'><em>Et</em></span> <span class='ocrx_word' id='word_1_165' title='bbox 431 1556 611 1592; x_wconf 86' lang='lat' dir='ltr'><em>descendit</em></span> <span class='ocrx_word' id='word_1_166' title='bbox 629 1570 705 1590; x_wconf 86' lang='lat' dir='ltr'><em>cum</em></span> <span class='ocrx_word' id='word_1_167' title='bbox 723 1557 790 1597; x_wconf 79' lang='lat' dir='ltr'><em>eis,</em></span> <span class='ocrx_word' id='word_1_168' title='bbox 818 1561 848 1590; x_wconf 89' lang='lat' dir='ltr'><em>et</em></span> <span class='ocrx_word' id='word_1_169' title='bbox 866 1556 958 1589; x_wconf 59' lang='lat' dir='ltr'><em>venit</em></span> <span class='ocrx_word' id='word_1_170' title='bbox 974 1554 1058 1589; x_wconf 82' lang='lat' dir='ltr'><em>Na-</em></span> 
     </span>
     <span class='ocr_line' id='line_1_30' title="bbox 178 1604 1059 1650; baseline -0.006 -7"><span class='ocrx_word' id='word_1_171' title='bbox 178 1607 324 1650; x_wconf 79' lang='lat' dir='ltr'><em>zareth,</em></span> <span class='ocrx_word' id='word_1_172' title='bbox 378 1614 407 1642; x_wconf 91' lang='lat' dir='ltr'><em>et</em></span> <span class='ocrx_word' id='word_1_173' title='bbox 445 1613 522 1642; x_wconf 88' lang='lat' dir='ltr'><em>erat</em></span> <span class='ocrx_word' id='word_1_174' title='bbox 560 1606 728 1641; x_wconf 84' lang='lat' dir='ltr'><em>subditus</em></span> <span class='ocrx_word' id='word_1_175' title='bbox 767 1605 858 1641; x_wconf 79' lang='lat' dir='ltr'><em>illis.</em></span> <span class='ocrx_word' id='word_1_176' title='bbox 928 1604 1059 1639; x_wconf 78' lang='lat' dir='ltr'><em>Illater</em></span> 
     </span>
     <span class='ocr_line' id='line_1_31' title="bbox 179 1654 1059 1693; baseline -0.006 0"><span class='ocrx_word' id='word_1_177' title='bbox 179 1665 298 1693; x_wconf 85' lang='lat' dir='ltr'><em>autem</em></span> <span class='ocrx_word' id='word_1_178' title='bbox 330 1659 405 1693; x_wconf 90' lang='lat' dir='ltr'><em>eius</em></span> <span class='ocrx_word' id='word_1_179' title='bbox 431 1657 666 1692; x_wconf 61' lang='lat' dir='ltr'><em>conservabat</em></span> <span class='ocrx_word' id='word_1_180' title='bbox 690 1658 814 1690; x_wconf 86' lang='lat' dir='ltr'><em>omnia</em></span> <span class='ocrx_word' id='word_1_181' title='bbox 841 1656 945 1689; x_wconf 62' lang='lat' dir='ltr'><em>cerba</em></span> <span class='ocrx_word' id='word_1_182' title='bbox 971 1654 1059 1689; x_wconf 81' lang='lat' dir='ltr'><em>haec</em></span> 
     </span>
     <span class='ocr_line' id='line_1_32' title="bbox 179 1706 1059 1754; baseline -0.007 -10"><span class='ocrx_word' id='word_1_183' title='bbox 179 1711 218 1744; x_wconf 88' lang='lat' dir='ltr'><em>in</em></span> <span class='ocrx_word' id='word_1_184' title='bbox 242 1707 344 1743; x_wconf 82' lang='lat' dir='ltr'><em>corde</em></span> <span class='ocrx_word' id='word_1_185' title='bbox 361 1722 438 1745; x_wconf 89' lang='lat' dir='ltr'><em>suo.</em></span> <span class='ocrx_word' id='word_1_186' title='bbox 494 1708 546 1742; x_wconf 82' lang='lat' dir='ltr'><em>Et</em></span> <span class='ocrx_word' id='word_1_187' title='bbox 565 1707 669 1741; x_wconf 87' lang='lat' dir='ltr'><em>Iesus</em></span> <span class='ocrx_word' id='word_1_188' title='bbox 684 1706 895 1754; x_wconf 83' lang='lat' dir='ltr'><em>proficiebat</em></span> <span class='ocrx_word' id='word_1_189' title='bbox 912 1707 1059 1752; x_wconf 71' lang='lat' dir='ltr'><em>sapien-</em></span> 
     </span>
     <span class='ocr_line' id='line_1_33' title="bbox 178 1754 1054 1805; baseline -0.005 -11"><span class='ocrx_word' id='word_1_190' title='bbox 178 1761 232 1794; x_wconf 88' lang='lat' dir='ltr'><em>tia</em></span> <span class='ocrx_word' id='word_1_191' title='bbox 257 1765 286 1793; x_wconf 88' lang='lat' dir='ltr'><em>et</em></span> <span class='ocrx_word' id='word_1_192' title='bbox 309 1765 443 1801; x_wconf 83' lang='lat' dir='ltr'><em>aetate,</em></span> <span class='ocrx_word' id='word_1_193' title='bbox 471 1763 500 1793; x_wconf 81' lang='lat' dir='ltr'><em>et</em></span> <span class='ocrx_word' id='word_1_194' title='bbox 520 1758 648 1804; x_wconf 75' lang='lat' dir='ltr'><em>gratia</em></span> <span class='ocrx_word' id='word_1_195' title='bbox 674 1756 779 1805; x_wconf 87' lang='lat' dir='ltr'><em>apud</em></span> <span class='ocrx_word' id='word_1_196' title='bbox 793 1757 913 1791; x_wconf 80' lang='lat' dir='ltr'><em>Deum</em></span> <span class='ocrx_word' id='word_1_197' title='bbox 937 1761 967 1790; x_wconf 90' lang='lat' dir='ltr'><em>et</em></span> <span class='ocrx_word' id='word_1_198' title='bbox 992 1754 1054 1790; x_wconf 80' lang='lat' dir='ltr'><em>ho-</em></span> 
     </span>
     <span class='ocr_line' id='line_1_34' title="bbox 179 1822 303 1847; baseline 0.016 -3"><span class='ocrx_word' id='word_1_199' title='bbox 179 1822 303 1847; x_wconf 73' lang='lat' dir='ltr'><em>mines,</em></span> 
     </span>
    </p>
   </div>
   <div class='ocr_carea' id='block_1_10' title="bbox 76 1879 415 1926">
    <p class='ocr_par' dir='ltr' id='par_1_11' title="bbox 76 1879 415 1926">
     <span class='ocr_line' id='line_1_35' title="bbox 76 1879 415 1926; baseline -0.003 -12"><span class='ocrx_word' id='word_1_200' title='bbox 76 1879 160 1914; x_wconf 91' lang='lat' dir='ltr'><em>Loci</em></span> <span class='ocrx_word' id='word_1_201' title='bbox 176 1883 306 1926; x_wconf 85' lang='lat' dir='ltr'><em>septem</em></span> <span class='ocrx_word' id='word_1_202' title='bbox 322 1884 415 1913; x_wconf 90' lang='lat' dir='ltr'><em>sunt.</em></span> 
     </span>
    </p>
   </div>
   <div class='ocr_carea' id='block_1_11' title="bbox 76 1952 1058 2189">
    <p class='ocr_par' dir='ltr' id='par_1_12' title="bbox 479 1952 655 1976">
     <span class='ocr_line' id='line_1_36' title="bbox 479 1952 655 1976; baseline -0.011 0"><span class='ocrx_word' id='word_1_203' title='bbox 479 1952 499 1976; x_wconf 83' lang='lat' dir='ltr'>P</span> <span class='ocrx_word' id='word_1_204' title='bbox 515 1959 529 1976; x_wconf 87' lang='lat' dir='ltr'><em>r</em></span> <span class='ocrx_word' id='word_1_205' title='bbox 542 1952 549 1975; x_wconf 87' lang='lat' dir='ltr'><em>i</em></span> <span class='ocrx_word' id='word_1_206' title='bbox 564 1959 588 1976; x_wconf 89' lang='lat' dir='ltr'><em>m</em></span> <span class='ocrx_word' id='word_1_207' title='bbox 603 1958 619 1975; x_wconf 89' lang='lat' dir='ltr'><em>u</em></span> <span class='ocrx_word' id='word_1_208' title='bbox 634 1958 655 1975; x_wconf 72' lang='lat'><em>3.</em></span> 
     </span>
    </p>

    <p class='ocr_par' dir='ltr' id='par_1_13' title="bbox 76 1993 1058 2189">
     <span class='ocr_line' id='line_1_37' title="bbox 180 1993 1058 2039; baseline -0.005 -10"><span class='ocrx_word' id='word_1_209' title='bbox 180 1994 388 2039; x_wconf 83' lang='lat' dir='ltr'><em>Exemplum</em></span> <span class='ocrx_word' id='word_1_210' title='bbox 407 1996 450 2028; x_wconf 91' lang='lat' dir='ltr'><em>de</em></span> <span class='ocrx_word' id='word_1_211' title='bbox 468 1996 649 2028; x_wconf 74' lang='lat' dir='ltr'><em>servandis</em></span> <span class='ocrx_word' id='word_1_212' title='bbox 665 1993 873 2027; x_wconf 72' lang='lat' dir='ltr'><em>ceremoniis</em></span> <span class='ocrx_word' id='word_1_213' title='bbox 889 1993 1058 2026; x_wconf 74' lang='lat' dir='ltr'><em>divinitus</em></span> 
     </span>
     <span class='ocr_line' id='line_1_38' title="bbox 78 2043 1057 2089; baseline -0.006 -8"><span class='ocrx_word' id='word_1_214' title='bbox 78 2047 257 2082; x_wconf 82' lang='lat' dir='ltr'><em>institutis,</em></span> <span class='ocrx_word' id='word_1_215' title='bbox 311 2046 423 2079; x_wconf 68' lang='lat' dir='ltr'><em>blaria</em></span> <span class='ocrx_word' id='word_1_216' title='bbox 436 2071 444 2083; x_wconf 84' lang='grc'>,</span> <span class='ocrx_word' id='word_1_217' title='bbox 474 2043 599 2089; x_wconf 83' lang='lat' dir='ltr'><em>loseph</em></span> <span class='ocrx_word' id='word_1_218' title='bbox 617 2053 648 2078; x_wconf 85' lang='lat' dir='ltr'><em>et</em></span> <span class='ocrx_word' id='word_1_219' title='bbox 667 2044 761 2077; x_wconf 80' lang='lat' dir='ltr'><em>Iesus</em></span> <span class='ocrx_word' id='word_1_220' title='bbox 777 2045 922 2077; x_wconf 80' lang='lat' dir='ltr'><em>veniunt</em></span> <span class='ocrx_word' id='word_1_221' title='bbox 938 2045 979 2077; x_wconf 87' lang='lat' dir='ltr'><em>ad</em></span> <span class='ocrx_word' id='word_1_222' title='bbox 992 2043 1057 2076; x_wconf 85' lang='lat' dir='ltr'><em>Pa-</em></span> 
     </span>
     <span class='ocr_line' id='line_1_39' title="bbox 77 2093 1058 2139; baseline -0.005 -8"><span class='ocrx_word' id='word_1_223' title='bbox 77 2097 169 2136; x_wconf 71' lang='lat' dir='ltr'><em>scha,</em></span> <span class='ocrx_word' id='word_1_224' title='bbox 185 2097 320 2130; x_wconf 87' lang='lat' dir='ltr'><em>tametsi</em></span> <span class='ocrx_word' id='word_1_225' title='bbox 334 2104 430 2129; x_wconf 88' lang='lat' dir='ltr'><em>erant</em></span> <span class='ocrx_word' id='word_1_226' title='bbox 444 2097 534 2136; x_wconf 89' lang='lat' dir='ltr'><em>insti,</em></span> <span class='ocrx_word' id='word_1_227' title='bbox 550 2109 612 2129; x_wconf 86' lang='lat' dir='ltr'><em>nec</em></span> <span class='ocrx_word' id='word_1_228' title='bbox 624 2108 686 2139; x_wconf 91' lang='lat' dir='ltr'><em>pro</em></span> <span class='ocrx_word' id='word_1_229' title='bbox 700 2108 771 2128; x_wconf 82' lang='lat' dir='ltr'><em>sese</em></span> <span class='ocrx_word' id='word_1_230' title='bbox 784 2093 961 2128; x_wconf 81' lang='lat' dir='ltr'><em>habebant</em></span> <span class='ocrx_word' id='word_1_231' title='bbox 972 2106 1058 2137; x_wconf 88' lang='lat' dir='ltr'><em>opus</em></span> 
     </span>
     <span class='ocr_line' id='line_1_40' title="bbox 76 2146 1058 2189; baseline -0.006 -7"><span class='ocrx_word' id='word_1_232' title='bbox 76 2147 141 2182; x_wconf 80' lang='lat' dir='ltr'><em>hac</em></span> <span class='ocrx_word' id='word_1_233' title='bbox 153 2147 350 2189; x_wconf 81' lang='lat' dir='ltr'><em>disciplina,</em></span> <span class='ocrx_word' id='word_1_234' title='bbox 366 2148 423 2179; x_wconf 86' lang='lat' dir='ltr'><em>sed</em></span> <span class='ocrx_word' id='word_1_235' title='bbox 438 2148 603 2189; x_wconf 75' lang='lat' dir='ltr'><em>praebent</em></span> <span class='ocrx_word' id='word_1_236' title='bbox 615 2146 822 2189; x_wconf 87' lang='lat' dir='ltr'><em>exemplum,</em></span> <span class='ocrx_word' id='word_1_237' title='bbox 837 2153 874 2178; x_wconf 90' lang='lat' dir='ltr'><em>ut</em></span> <span class='ocrx_word' id='word_1_238' title='bbox 886 2146 1058 2178; x_wconf 82' lang='lat' dir='ltr'><em>discamus</em></span> 
     </span>
    </p>
   </div>
   <div class='ocr_carea' id='block_1_12' title="bbox 77 2197 1085 2241">
    <p class='ocr_par' dir='ltr' id='par_1_14' title="bbox 77 2197 1085 2241">
     <span class='ocr_line' id='line_1_41' title="bbox 77 2197 1085 2241; baseline -0.006 -9"><span class='ocrx_word' id='word_1_239' title='bbox 77 2198 290 2232; x_wconf 75' lang='lat' dir='ltr'><em>ceremonias</em></span> <span class='ocrx_word' id='word_1_240' title='bbox 313 2198 501 2229; x_wconf 84' lang='lat' dir='ltr'><em>servandas</em></span> <span class='ocrx_word' id='word_1_241' title='bbox 523 2209 612 2237; x_wconf 83' lang='lat' dir='ltr'><em>esse,</em></span> <span class='ocrx_word' id='word_1_242' title='bbox 640 2209 728 2241; x_wconf 84' lang='lat' dir='ltr'><em>quae</em></span> <span class='ocrx_word' id='word_1_243' title='bbox 753 2203 897 2238; x_wconf 78' lang='lat' dir='ltr'><em>prosunt</em></span> <span class='ocrx_word' id='word_1_244' title='bbox 914 2197 954 2228; x_wconf 89' lang='lat' dir='ltr'><em>ad</em></span> <span class='ocrx_word' id='word_1_245' title='bbox 974 2208 1057 2227; x_wconf 85' lang='lat' dir='ltr'><em>con-</em></span> <span class='ocrx_word' id='word_1_246' title='bbox 1083 2209 1085 2217; x_wconf 39' lang='grc' dir='ltr'>ι</span> 
     </span>
    </p>
   </div>
   <div class='ocr_carea' id='block_1_13' title="bbox 76 2247 1056 2340">
    <p class='ocr_par' dir='ltr' id='par_1_15' title="bbox 76 2247 1056 2340">
     <span class='ocr_line' id='line_1_42' title="bbox 77 2247 1056 2289; baseline -0.005 -6"><span class='ocrx_word' id='word_1_247' title='bbox 77 2249 310 2283; x_wconf 68' lang='lat' dir='ltr'><em>servationem</em></span> <span class='ocrx_word' id='word_1_248' title='bbox 330 2247 527 2285; x_wconf 86' lang='lat' dir='ltr'><em>ministerii,</em></span> <span class='ocrx_word' id='word_1_249' title='bbox 555 2254 628 2280; x_wconf 88' lang='lat' dir='ltr'><em>tum</em></span> <span class='ocrx_word' id='word_1_250' title='bbox 643 2254 683 2280; x_wconf 88' lang='lat' dir='ltr'><em>ut</em></span> <span class='ocrx_word' id='word_1_251' title='bbox 698 2247 762 2289; x_wconf 89' lang='lat' dir='ltr'><em>ipsi</em></span> <span class='ocrx_word' id='word_1_252' title='bbox 781 2247 964 2285; x_wconf 87' lang='lat' dir='ltr'><em>discamus,</em></span> <span class='ocrx_word' id='word_1_253' title='bbox 989 2253 1056 2278; x_wconf 87' lang='lat' dir='ltr'><em>tam</em></span> 
     </span>
     <span class='ocr_line' id='line_1_43' title="bbox 76 2295 976 2340; baseline -0.007 -6"><span class='ocrx_word' id='word_1_254' title='bbox 76 2307 115 2334; x_wconf 90' lang='lat' dir='ltr'><em>ut</em></span> <span class='ocrx_word' id='word_1_255' title='bbox 132 2299 190 2332; x_wconf 91' lang='lat' dir='ltr'><em>alii</em></span> <span class='ocrx_word' id='word_1_256' title='bbox 210 2297 423 2335; x_wconf 81' lang='lat' dir='ltr'><em>invitemur,</em></span> <span class='ocrx_word' id='word_1_257' title='bbox 452 2303 485 2330; x_wconf 88' lang='lat' dir='ltr'><em>et</em></span> <span class='ocrx_word' id='word_1_258' title='bbox 500 2304 713 2340; x_wconf 77' lang='lat' dir='ltr'><em>propagetur</em></span> <span class='ocrx_word' id='word_1_259' title='bbox 730 2295 976 2339; x_wconf 80' lang='lat' dir='ltr'><em>Evangelium.</em></span> 
     </span>
    </p>
   </div>
   <div class='ocr_carea' id='block_1_14' title="bbox 77 2372 1058 2703">
    <p class='ocr_par' dir='ltr' id='par_1_16' title="bbox 452 2372 686 2397">
     <span class='ocr_line' id='line_1_44' title="bbox 452 2372 686 2397; baseline -0.009 -1"><span class='ocrx_word' id='word_1_260' title='bbox 452 2373 470 2395; x_wconf 86' lang='lat' dir='ltr'>S</span> <span class='ocrx_word' id='word_1_261' title='bbox 484 2378 498 2396; x_wconf 86' lang='lat' dir='ltr'><em>e</em></span> <span class='ocrx_word' id='word_1_262' title='bbox 515 2378 529 2395; x_wconf 87' lang='lat' dir='ltr'><em>e</em></span> <span class='ocrx_word' id='word_1_263' title='bbox 543 2378 560 2395; x_wconf 90' lang='lat' dir='ltr'><em>u</em></span> <span class='ocrx_word' id='word_1_264' title='bbox 575 2378 591 2395; x_wconf 91' lang='lat' dir='ltr'><em>n</em></span> <span class='ocrx_word' id='word_1_265' title='bbox 605 2372 621 2395; x_wconf 84' lang='lat' dir='ltr'><em>d</em></span> <span class='ocrx_word' id='word_1_266' title='bbox 635 2378 650 2394; x_wconf 92' lang='lat' dir='ltr'><em>u</em></span> <span class='ocrx_word' id='word_1_267' title='bbox 664 2378 686 2397; x_wconf 83' lang='lat' dir='ltr'><em>s.</em></span> 
     </span>
    </p>

    <p class='ocr_par' dir='ltr' id='par_1_17' title="bbox 77 2415 1058 2703">
     <span class='ocr_line' id='line_1_45' title="bbox 178 2415 1058 2459; baseline -0.003 -9"><span class='ocrx_word' id='word_1_268' title='bbox 178 2416 290 2450; x_wconf 86' lang='lat' dir='ltr'><em>Filius</em></span> <span class='ocrx_word' id='word_1_269' title='bbox 315 2415 523 2449; x_wconf 84' lang='lat' dir='ltr'><em>inconsultis</em></span> <span class='ocrx_word' id='word_1_270' title='bbox 547 2416 750 2459; x_wconf 85' lang='lat' dir='ltr'><em>parentibus</em></span> <span class='ocrx_word' id='word_1_271' title='bbox 775 2421 891 2448; x_wconf 86' lang='lat' dir='ltr'><em>manet</em></span> <span class='ocrx_word' id='word_1_272' title='bbox 914 2415 950 2447; x_wconf 91' lang='lat' dir='ltr'><em>in</em></span> <span class='ocrx_word' id='word_1_273' title='bbox 970 2421 1058 2447; x_wconf 90' lang='lat' dir='ltr'><em>tem—</em></span> 
     </span>
     <span class='ocr_line' id='line_1_46' title="bbox 79 2463 1055 2513; baseline -0.004 -12"><span class='ocrx_word' id='word_1_274' title='bbox 79 2469 154 2513; x_wconf 86' lang='lat' dir='ltr'><em>plo,</em></span> <span class='ocrx_word' id='word_1_275' title='bbox 184 2474 216 2500; x_wconf 88' lang='lat' dir='ltr'><em>et</em></span> <span class='ocrx_word' id='word_1_276' title='bbox 233 2467 368 2499; x_wconf 77' lang='lat' dir='ltr'><em>confert</em></span> <span class='ocrx_word' id='word_1_277' title='bbox 384 2478 462 2498; x_wconf 91' lang='lat' dir='ltr'><em>cum</em></span> <span class='ocrx_word' id='word_1_278' title='bbox 479 2467 682 2499; x_wconf 88' lang='lat' dir='ltr'><em>doctoribus</em></span> <span class='ocrx_word' id='word_1_279' title='bbox 699 2467 741 2497; x_wconf 91' lang='lat' dir='ltr'><em>de</em></span> <span class='ocrx_word' id='word_1_280' title='bbox 757 2465 915 2498; x_wconf 85' lang='lat' dir='ltr'><em>doctrina</em></span> <span class='ocrx_word' id='word_1_281' title='bbox 927 2491 936 2503; x_wconf 80' lang='grc'>,</span> <span class='ocrx_word' id='word_1_282' title='bbox 964 2463 1055 2498; x_wconf 86' lang='lat' dir='ltr'><em>haud</em></span> 
     </span>
     <span class='ocr_line' id='line_1_47' title="bbox 77 2516 1058 2560; baseline -0.003 -9"><span class='ocrx_word' id='word_1_283' title='bbox 77 2519 185 2551; x_wconf 84' lang='lat' dir='ltr'><em>dubie</em></span> <span class='ocrx_word' id='word_1_284' title='bbox 210 2517 392 2559; x_wconf 84' lang='lat' dir='ltr'><em>disputans</em></span> <span class='ocrx_word' id='word_1_285' title='bbox 415 2518 458 2549; x_wconf 89' lang='lat' dir='ltr'><em>de</em></span> <span class='ocrx_word' id='word_1_286' title='bbox 481 2528 588 2559; x_wconf 84' lang='lat' dir='ltr'><em>regno</em></span> <span class='ocrx_word' id='word_1_287' title='bbox 606 2516 772 2555; x_wconf 56' lang='lat' dir='ltr'><em>Messhe,</em></span> <span class='ocrx_word' id='word_1_288' title='bbox 801 2516 894 2560; x_wconf 79' lang='lat' dir='ltr'><em>quod</em></span> <span class='ocrx_word' id='word_1_289' title='bbox 919 2516 984 2559; x_wconf 91' lang='lat' dir='ltr'><em>ipsi</em></span> <span class='ocrx_word' id='word_1_290' title='bbox 1002 2527 1058 2548; x_wconf 82' lang='lat' dir='ltr'><em>ar—</em></span> 
     </span>
     <span class='ocr_line' id='line_1_48' title="bbox 78 2563 1057 2611; baseline -0.003 -9"><span class='ocrx_word' id='word_1_291' title='bbox 78 2569 301 2603; x_wconf 75' lang='lat' dir='ltr'><em>bitrabantur</em></span> <span class='ocrx_word' id='word_1_292' title='bbox 320 2567 395 2599; x_wconf 88' lang='lat' dir='ltr'><em>sore</em></span> <span class='ocrx_word' id='word_1_293' title='bbox 410 2568 651 2607; x_wconf 89' lang='lat' dir='ltr'><em>mundanum,</em></span> <span class='ocrx_word' id='word_1_294' title='bbox 677 2573 709 2599; x_wconf 87' lang='lat' dir='ltr'><em>et</em></span> <span class='ocrx_word' id='word_1_295' title='bbox 728 2563 986 2611; x_wconf 85' lang='lat' dir='ltr'><em>reprebendens</em></span> <span class='ocrx_word' id='word_1_296' title='bbox 1004 2578 1057 2599; x_wconf 89' lang='lat' dir='ltr'><em>er-</em></span> 
     </span>
     <span class='ocr_line' id='line_1_49' title="bbox 78 2617 1057 2662; baseline -0.002 -10"><span class='ocrx_word' id='word_1_297' title='bbox 78 2631 191 2652; x_wconf 84' lang='lat' dir='ltr'><em>rorem</em></span> <span class='ocrx_word' id='word_1_298' title='bbox 215 2629 337 2651; x_wconf 89' lang='lat' dir='ltr'><em>eorum</em></span> <span class='ocrx_word' id='word_1_299' title='bbox 361 2617 403 2650; x_wconf 90' lang='lat' dir='ltr'><em>de</em></span> <span class='ocrx_word' id='word_1_300' title='bbox 427 2618 596 2659; x_wconf 88' lang='lat' dir='ltr'><em>cultibus,</em></span> <span class='ocrx_word' id='word_1_301' title='bbox 623 2629 710 2662; x_wconf 90' lang='lat' dir='ltr'><em>quos</em></span> <span class='ocrx_word' id='word_1_302' title='bbox 726 2617 896 2662; x_wconf 84' lang='lat' dir='ltr'><em>putabant</em></span> <span class='ocrx_word' id='word_1_303' title='bbox 915 2628 986 2650; x_wconf 89' lang='lat' dir='ltr'><em>esse</em></span> <span class='ocrx_word' id='word_1_304' title='bbox 1002 2617 1057 2651; x_wconf 88' lang='lat' dir='ltr'><em>iu—</em></span> 
     </span>
     <span class='ocr_line' id='line_1_50' title="bbox 78 2669 223 2703; baseline -0.007 0"><span class='ocrx_word' id='word_1_305' title='bbox 78 2669 223 2703; x_wconf 84' lang='lat' dir='ltr'><em>stieiam.</em></span> 
     </span>
    </p>
   </div>
   <div class='ocr_carea' id='block_1_15' title="bbox 747 118 1554 157">
    <p class='ocr_par' dir='ltr' id='par_1_18' title="bbox 747 118 1554 157">
     <span class='ocr_line' id='line_1_51' title="bbox 747 118 1554 157; baseline 0.001 -2"><span class='ocrx_word' id='word_1_306' title='bbox 747 118 1138 155; x_wconf 74' lang='lat' dir='ltr'>ANNOTATIONES</span> <span class='ocrx_word' id='word_1_307' title='bbox 1177 119 1225 153; x_wconf 72' lang='lat' dir='ltr'><em>IN</em></span> <span class='ocrx_word' id='word_1_308' title='bbox 1259 119 1554 157; x_wconf 63' lang='lat' dir='ltr'><em>EVANGELtA.</em></span> 
     </span>
    </p>
   </div>
   <div class='ocr_carea' id='block_1_16' title="bbox 390 1351 1086 1400">
    <p class='ocr_par' dir='ltr' id='par_1_19' title="bbox 390 1351 1086 1400">
     <span class='ocr_line' id='line_1_52' title="bbox 390 1351 1086 1400; baseline -0.006 -11"><span class='ocrx_word' id='word_1_309' title='bbox 390 1355 443 1389; x_wconf 85' lang='lat' dir='ltr'><em>Et</em></span> <span class='ocrx_word' id='word_1_310' title='bbox 467 1355 522 1389; x_wconf 91' lang='lat' dir='ltr'><em>ait</em></span> <span class='ocrx_word' id='word_1_311' title='bbox 543 1353 597 1388; x_wconf 84' lang='lat' dir='ltr'><em>ad</em></span> <span class='ocrx_word' id='word_1_312' title='bbox 617 1354 721 1389; x_wconf 89' lang='lat' dir='ltr'><em>illos:</em></span> <span class='ocrx_word' id='word_1_313' title='bbox 757 1352 863 1400; x_wconf 75' lang='lat' dir='ltr'><em>Quid</em></span> <span class='ocrx_word' id='word_1_314' title='bbox 885 1359 934 1387; x_wconf 84' lang='lat' dir='ltr'><em>est</em></span> <span class='ocrx_word' id='word_1_315' title='bbox 962 1351 1062 1400; x_wconf 79' lang='lat' dir='ltr'><em>quod</em></span> <span class='ocrx_word' id='word_1_316' title='bbox 1085 1366 1086 1374; x_wconf 60' lang='lat'>¹</span> 
     </span>
    </p>
   </div>
   <div class='ocr_carea' id='block_1_17' title="bbox 1077 2667 1389 2712">
    <p class='ocr_par' dir='ltr' id='par_1_20' title="bbox 1077 2667 1389 2712">
     <span class='ocr_line' id='line_1_53' title="bbox 1077 2667 1389 2712; baseline 0.003 -12"><span class='ocrx_word' id='word_1_317' title='bbox 1077 2683 1084 2712; x_wconf 62' lang='grc' dir='ltr'>Ι</span> <span class='ocrx_word' id='word_1_318' title='bbox 1109 2680 1149 2700; x_wconf 90' lang='lat' dir='ltr'><em>ex</em></span> <span class='ocrx_word' id='word_1_319' title='bbox 1181 2669 1288 2701; x_wconf 87' lang='lat' dir='ltr'><em>verbo</em></span> <span class='ocrx_word' id='word_1_320' title='bbox 1313 2667 1389 2701; x_wconf 72' lang='lat' dir='ltr'><em>Dei.</em></span> 
     </span>
    </p>
   </div>
   <div class='ocr_carea' id='block_1_18' title="bbox 2016 121 2090 155">
    <p class='ocr_par' dir='ltr' id='par_1_21' title="bbox 2016 121 2090 155">
     <span class='ocr_line' id='line_1_54' title="bbox 2016 121 2090 155; baseline -0.027 0"><span class='ocrx_word' id='word_1_321' title='bbox 2016 121 2090 155; x_wconf 73' lang='lat'><em>202</em></span> 
     </span>
    </p>
   </div>
   <div class='ocr_carea' id='block_1_19' title="bbox 1504 206 1693 230">
    <p class='ocr_par' dir='ltr' id='par_1_22' title="bbox 1504 206 1693 230">
     <span class='ocr_line' id='line_1_55' title="bbox 1504 206 1693 230; baseline 0 -1"><span class='ocrx_word' id='word_1_322' title='bbox 1504 206 1693 230; x_wconf 83' lang='lat' dir='ltr'><em>Tertius.</em></span> 
     </span>
    </p>
   </div>
   <div class='ocr_carea' id='block_1_20' title="bbox 1082 255 2091 651">
    <p class='ocr_par' dir='ltr' id='par_1_23' title="bbox 1110 255 2091 349">
     <span class='ocr_line' id='line_1_56' title="bbox 1213 255 2091 299; baseline -0.001 -10"><span class='ocrx_word' id='word_1_323' title='bbox 1213 255 1366 298; x_wconf 78' lang='lat' dir='ltr'><em>Quando</em></span> <span class='ocrx_word' id='word_1_324' title='bbox 1386 256 1465 289; x_wconf 85' lang='lat' dir='ltr'><em>licet</em></span> <span class='ocrx_word' id='word_1_325' title='bbox 1483 257 1563 289; x_wconf 80' lang='lat' dir='ltr'><em>filiis</em></span> <span class='ocrx_word' id='word_1_326' title='bbox 1580 259 1769 290; x_wconf 77' lang='lat' dir='ltr'><em>detrectare</em></span> <span class='ocrx_word' id='word_1_327' title='bbox 1787 257 2009 290; x_wconf 80' lang='lat' dir='ltr'><em>autoritatem</em></span> <span class='ocrx_word' id='word_1_328' title='bbox 2030 267 2091 299; x_wconf 91' lang='lat' dir='ltr'><em>pa—</em></span> 
     </span>
     <span class='ocr_line' id='line_1_57' title="bbox 1110 306 2090 349; baseline -0.001 -11"><span class='ocrx_word' id='word_1_329' title='bbox 1110 306 1275 339; x_wconf 77' lang='lat' dir='ltr'><em>rentum?</em></span> <span class='ocrx_word' id='word_1_330' title='bbox 1326 306 1559 349; x_wconf 81' lang='lat' dir='ltr'><em>Respondeo‚</em></span> <span class='ocrx_word' id='word_1_331' title='bbox 1586 306 1793 339; x_wconf 85' lang='lat' dir='ltr'><em>Mandatum</em></span> <span class='ocrx_word' id='word_1_332' title='bbox 1810 306 1874 340; x_wconf 84' lang='lat' dir='ltr'><em>Dei</em></span> <span class='ocrx_word' id='word_1_333' title='bbox 1893 307 2090 340; x_wconf 79' lang='lat' dir='ltr'><em>anteferen-</em></span> 
     </span>
    </p>

    <p class='ocr_par' dir='ltr' id='par_1_24' title="bbox 1082 355 2089 548">
     <span class='ocr_line' id='line_1_58' title="bbox 1082 355 2087 411; baseline 0 -23"><span class='ocrx_word' id='word_1_334' title='bbox 1082 392 1085 411; x_wconf 58' lang='grc'>1</span> <span class='ocrx_word' id='word_1_335' title='bbox 1109 357 1192 388; x_wconf 91' lang='lat' dir='ltr'><em>dum</em></span> <span class='ocrx_word' id='word_1_336' title='bbox 1220 363 1269 389; x_wconf 88' lang='lat' dir='ltr'><em>est</em></span> <span class='ocrx_word' id='word_1_337' title='bbox 1292 357 1465 389; x_wconf 88' lang='lat' dir='ltr'><em>voluntati</em></span> <span class='ocrx_word' id='word_1_338' title='bbox 1486 363 1690 399; x_wconf 85' lang='lat' dir='ltr'><em>parentum,</em></span> <span class='ocrx_word' id='word_1_339' title='bbox 1719 364 1755 390; x_wconf 92' lang='lat' dir='ltr'><em>ut</em></span> <span class='ocrx_word' id='word_1_340' title='bbox 1775 355 1935 391; x_wconf 81' lang='lat' dir='ltr'><em>Christus</em></span> <span class='ocrx_word' id='word_1_341' title='bbox 1954 357 2087 401; x_wconf 86' lang='lat' dir='ltr'><em>inquit:</em></span> 
     </span>
     <span class='ocr_line' id='line_1_59' title="bbox 1083 406 2088 452; baseline 0 -14"><span class='ocrx_word' id='word_1_342' title='bbox 1083 418 1085 434; x_wconf 53' lang='grc' dir='ltr'><strong>ε</strong></span> <span class='ocrx_word' id='word_1_343' title='bbox 1109 406 1146 439; x_wconf 83' lang='lat' dir='ltr'><em>Si</em></span> <span class='ocrx_word' id='word_1_344' title='bbox 1171 406 1250 450; x_wconf 87' lang='lat' dir='ltr'><em>quis</em></span> <span class='ocrx_word' id='word_1_345' title='bbox 1273 414 1405 450; x_wconf 87' lang='lat' dir='ltr'><em>patrem</em></span> <span class='ocrx_word' id='word_1_346' title='bbox 1433 413 1492 440; x_wconf 90' lang='lat' dir='ltr'><em>aut</em></span> <span class='ocrx_word' id='word_1_347' title='bbox 1511 414 1655 439; x_wconf 90' lang='lat' dir='ltr'><em>matrem</em></span> <span class='ocrx_word' id='word_1_348' title='bbox 1674 407 1751 449; x_wconf 91' lang='lat' dir='ltr'><em>plus</em></span> <span class='ocrx_word' id='word_1_349' title='bbox 1768 408 1880 450; x_wconf 81' lang='lat' dir='ltr'><em>diligit</em></span> <span class='ocrx_word' id='word_1_350' title='bbox 1899 419 2001 452; x_wconf 90' lang='lat' dir='ltr'><em>quam</em></span> <span class='ocrx_word' id='word_1_351' title='bbox 2020 418 2088 449; x_wconf 89' lang='lat' dir='ltr'><em>me,</em></span> 
     </span>
     <span class='ocr_line' id='line_1_60' title="bbox 1082 436 2089 501; baseline -0.001 -12"><span class='ocrx_word' id='word_1_352' title='bbox 1082 436 1085 486; x_wconf 61' lang='lat' dir='ltr'><em>i</em></span> <span class='ocrx_word' id='word_1_353' title='bbox 1109 468 1180 489; x_wconf 88' lang='lat' dir='ltr'><em>non</em></span> <span class='ocrx_word' id='word_1_354' title='bbox 1206 463 1255 489; x_wconf 87' lang='lat' dir='ltr'><em>est</em></span> <span class='ocrx_word' id='word_1_355' title='bbox 1278 469 1333 489; x_wconf 89' lang='lat' dir='ltr'><em>me</em></span> <span class='ocrx_word' id='word_1_356' title='bbox 1357 457 1495 499; x_wconf 85' lang='lat' dir='ltr'><em>dignus.</em></span> <span class='ocrx_word' id='word_1_357' title='bbox 1550 455 1597 490; x_wconf 88' lang='lat' dir='ltr'><em>Ut</em></span> <span class='ocrx_word' id='word_1_358' title='bbox 1622 458 1762 501; x_wconf 87' lang='lat' dir='ltr'><em>quando</em></span> <span class='ocrx_word' id='word_1_359' title='bbox 1790 464 1948 498; x_wconf 90' lang='lat' dir='ltr'><em>parentes</em></span> <span class='ocrx_word' id='word_1_360' title='bbox 1966 454 2089 501; x_wconf 81' lang='lat' dir='ltr'><em>probi-</em></span> 
     </span>
     <span class='ocr_line' id='line_1_61' title="bbox 1109 507 2088 548; baseline 0 -9"><span class='ocrx_word' id='word_1_361' title='bbox 1109 507 1190 540; x_wconf 89' lang='lat' dir='ltr'><em>bent</em></span> <span class='ocrx_word' id='word_1_362' title='bbox 1208 508 1362 541; x_wconf 90' lang='lat' dir='ltr'><em>studium</em></span> <span class='ocrx_word' id='word_1_363' title='bbox 1377 520 1477 540; x_wconf 88' lang='lat' dir='ltr'><em>verae</em></span> <span class='ocrx_word' id='word_1_364' title='bbox 1489 507 1682 548; x_wconf 87' lang='lat' dir='ltr'><em>doctrinae,</em></span> <span class='ocrx_word' id='word_1_365' title='bbox 1710 507 1977 547; x_wconf 85' lang='lat' dir='ltr'><em>confessionem,</em></span> <span class='ocrx_word' id='word_1_366' title='bbox 2004 519 2088 539; x_wconf 91' lang='lat' dir='ltr'><em>con-</em></span> 
     </span>
    </p>

    <p class='ocr_par' dir='ltr' id='par_1_25' title="bbox 1082 555 2088 651">
     <span class='ocr_line' id='line_1_62' title="bbox 1082 555 2088 611; baseline -0.002 -21"><span class='ocrx_word' id='word_1_367' title='bbox 1082 562 1085 611; x_wconf 54' lang='lat'>?</span> <span class='ocrx_word' id='word_1_368' title='bbox 1109 557 1254 600; x_wconf 89' lang='lat' dir='ltr'><em>iugium.</em></span> <span class='ocrx_word' id='word_1_369' title='bbox 1306 556 1445 592; x_wconf 84' lang='lat' dir='ltr'><em>Rursus</em></span> <span class='ocrx_word' id='word_1_370' title='bbox 1467 565 1560 591; x_wconf 82' lang='lat' dir='ltr'><em>extra</em></span> <span class='ocrx_word' id='word_1_371' title='bbox 1587 555 1681 590; x_wconf 82' lang='lat' dir='ltr'><em>hunc</em></span> <span class='ocrx_word' id='word_1_372' title='bbox 1704 568 1818 590; x_wconf 86' lang='lat' dir='ltr'><em>casum</em></span> <span class='ocrx_word' id='word_1_373' title='bbox 1839 557 1985 590; x_wconf 85' lang='lat' dir='ltr'><em>debetur</em></span> <span class='ocrx_word' id='word_1_374' title='bbox 2003 558 2088 589; x_wconf 87' lang='lat' dir='ltr'><em>obe-</em></span> 
     </span>
     <span class='ocr_line' id='line_1_63' title="bbox 1109 606 2087 651; baseline -0.002 -11"><span class='ocrx_word' id='word_1_375' title='bbox 1109 607 1239 641; x_wconf 86' lang='lat' dir='ltr'><em>dientia</em></span> <span class='ocrx_word' id='word_1_376' title='bbox 1257 608 1472 651; x_wconf 89' lang='lat' dir='ltr'><em>parentibus.</em></span> <span class='ocrx_word' id='word_1_377' title='bbox 1526 608 1573 642; x_wconf 79' lang='lat' dir='ltr'><em>Ut</em></span> <span class='ocrx_word' id='word_1_378' title='bbox 1589 606 1646 641; x_wconf 89' lang='lat' dir='ltr'><em>hic</em></span> <span class='ocrx_word' id='word_1_379' title='bbox 1662 606 1823 642; x_wconf 78' lang='lat' dir='ltr'><em>Christus</em></span> <span class='ocrx_word' id='word_1_380' title='bbox 1838 607 1927 640; x_wconf 90' lang='lat' dir='ltr'><em>redit</em></span> <span class='ocrx_word' id='word_1_381' title='bbox 1944 607 2087 639; x_wconf 89' lang='lat' dir='ltr'><em>domum</em></span> 
     </span>
    </p>
   </div>
   <div class='ocr_carea' id='block_1_21' title="bbox 1109 657 1970 702">
    <p class='ocr_par' dir='ltr' id='par_1_26' title="bbox 1109 657 1970 702">
     <span class='ocr_line' id='line_1_64' title="bbox 1109 657 1970 702; baseline -0.001 -11"><span class='ocrx_word' id='word_1_382' title='bbox 1109 671 1186 692; x_wconf 88' lang='lat' dir='ltr'><em>cum</em></span> <span class='ocrx_word' id='word_1_383' title='bbox 1205 658 1408 702; x_wconf 88' lang='lat' dir='ltr'><em>parentibus</em></span> <span class='ocrx_word' id='word_1_384' title='bbox 1420 686 1429 699; x_wconf 92' lang='lat'><em>,</em></span> <span class='ocrx_word' id='word_1_385' title='bbox 1457 659 1617 692; x_wconf 87' lang='lat' dir='ltr'><em>absoluto</em></span> <span class='ocrx_word' id='word_1_386' title='bbox 1634 658 1827 692; x_wconf 86' lang='lat' dir='ltr'><em>vocationis</em></span> <span class='ocrx_word' id='word_1_387' title='bbox 1845 657 1970 691; x_wconf 80' lang='lat' dir='ltr'><em>officio.</em></span> 
     </span>
    </p>
   </div>
   <div class='ocr_carea' id='block_1_22' title="bbox 1500 760 1701 788">
    <p class='ocr_par' dir='ltr' id='par_1_27' title="bbox 1500 760 1701 788">
     <span class='ocr_line' id='line_1_65' title="bbox 1500 760 1701 788; baseline -0.005 -6"><span class='ocrx_word' id='word_1_388' title='bbox 1500 760 1701 788; x_wconf 81' lang='lat' dir='ltr'><em>Quartus.</em></span> 
     </span>
    </p>
   </div>
   <div class='ocr_carea' id='block_1_23' title="bbox 1084 815 2091 1417">
    <p class='ocr_par' dir='ltr' id='par_1_28' title="bbox 1084 815 2091 1417">
     <span class='ocr_line' id='line_1_66' title="bbox 1211 815 2088 862; baseline -0.003 -9"><span class='ocrx_word' id='word_1_389' title='bbox 1211 818 1263 853; x_wconf 89' lang='lat' dir='ltr'><em>De</em></span> <span class='ocrx_word' id='word_1_390' title='bbox 1288 818 1498 862; x_wconf 77' lang='lat' dir='ltr'><em>negligentia</em></span> <span class='ocrx_word' id='word_1_391' title='bbox 1525 826 1557 852; x_wconf 86' lang='lat' dir='ltr'><em>et</em></span> <span class='ocrx_word' id='word_1_392' title='bbox 1582 819 1704 852; x_wconf 87' lang='lat' dir='ltr'><em>dolore</em></span> <span class='ocrx_word' id='word_1_393' title='bbox 1728 815 1872 851; x_wconf 86' lang='lat' dir='ltr'><em>Mariae.</em></span> <span class='ocrx_word' id='word_1_394' title='bbox 1930 816 2088 850; x_wconf 74' lang='lat' dir='ltr'><em>Mundus</em></span> 
     </span>
     <span class='ocr_line' id='line_1_67' title="bbox 1110 867 2089 913; baseline -0.004 -10"><span class='ocrx_word' id='word_1_395' title='bbox 1110 883 1181 903; x_wconf 91' lang='lat' dir='ltr'><em>uon</em></span> <span class='ocrx_word' id='word_1_396' title='bbox 1197 871 1363 913; x_wconf 86' lang='lat' dir='ltr'><em>intelligit</em></span> <span class='ocrx_word' id='word_1_397' title='bbox 1380 882 1451 902; x_wconf 87' lang='lat' dir='ltr'><em>esse</em></span> <span class='ocrx_word' id='word_1_398' title='bbox 1467 877 1614 913; x_wconf 83' lang='lat' dir='ltr'><em>peccata,</em></span> <span class='ocrx_word' id='word_1_399' title='bbox 1637 868 1703 901; x_wconf 90' lang='lat' dir='ltr'><em>nisi</em></span> <span class='ocrx_word' id='word_1_400' title='bbox 1720 875 1858 901; x_wconf 86' lang='lat' dir='ltr'><em>externa</em></span> <span class='ocrx_word' id='word_1_401' title='bbox 1876 867 1991 900; x_wconf 87' lang='lat' dir='ltr'><em>civilia</em></span> <span class='ocrx_word' id='word_1_402' title='bbox 2008 879 2089 911; x_wconf 89' lang='lat' dir='ltr'><em>pec-</em></span> 
     </span>
     <span class='ocr_line' id='line_1_68' title="bbox 1111 918 2089 963; baseline -0.005 -9"><span class='ocrx_word' id='word_1_403' title='bbox 1111 929 1195 955; x_wconf 78' lang='lat' dir='ltr'><em>cata.</em></span> <span class='ocrx_word' id='word_1_404' title='bbox 1250 921 1329 954; x_wconf 83' lang='lat' dir='ltr'><em>Non</em></span> <span class='ocrx_word' id='word_1_405' title='bbox 1351 921 1503 963; x_wconf 89' lang='lat' dir='ltr'><em>agnoscit</em></span> <span class='ocrx_word' id='word_1_406' title='bbox 1522 926 1693 963; x_wconf 87' lang='lat' dir='ltr'><em>quantum</em></span> <span class='ocrx_word' id='word_1_407' title='bbox 1712 919 1842 951; x_wconf 90' lang='lat' dir='ltr'><em>malum</em></span> <span class='ocrx_word' id='word_1_408' title='bbox 1859 918 1903 951; x_wconf 88' lang='lat' dir='ltr'><em>sit</em></span> <span class='ocrx_word' id='word_1_409' title='bbox 1920 918 2089 951; x_wconf 84' lang='lat' dir='ltr'><em>naturalis</em></span> 
     </span>
     <span class='ocr_line' id='line_1_69' title="bbox 1110 969 2089 1013; baseline -0.003 -10"><span class='ocrx_word' id='word_1_410' title='bbox 1110 971 1314 1009; x_wconf 72' lang='lat' dir='ltr'><em>infirmitas,</em></span> <span class='ocrx_word' id='word_1_411' title='bbox 1341 978 1373 1004; x_wconf 90' lang='lat' dir='ltr'><em>et</em></span> <span class='ocrx_word' id='word_1_412' title='bbox 1397 970 1606 1013; x_wconf 76' lang='lat' dir='ltr'><em>negligentia</em></span> <span class='ocrx_word' id='word_1_413' title='bbox 1631 970 1668 1002; x_wconf 87' lang='lat' dir='ltr'><em>in</em></span> <span class='ocrx_word' id='word_1_414' title='bbox 1691 980 1901 1013; x_wconf 85' lang='lat' dir='ltr'><em>quocunque</em></span> <span class='ocrx_word' id='word_1_415' title='bbox 1923 969 2089 1001; x_wconf 78' lang='lat' dir='ltr'><em>mamiato</em></span> 
     </span>
     <span class='ocr_line' id='line_1_70' title="bbox 1110 1018 2091 1063; baseline -0.005 -8"><span class='ocrx_word' id='word_1_416' title='bbox 1110 1021 1187 1056; x_wconf 91' lang='lat' dir='ltr'><em>Dei.</em></span> <span class='ocrx_word' id='word_1_417' title='bbox 1241 1021 1308 1055; x_wconf 79' lang='lat' dir='ltr'><em>Sed</em></span> <span class='ocrx_word' id='word_1_418' title='bbox 1335 1022 1442 1054; x_wconf 83' lang='lat' dir='ltr'><em>sancti</em></span> <span class='ocrx_word' id='word_1_419' title='bbox 1470 1021 1673 1063; x_wconf 86' lang='lat' dir='ltr'><em>intelligunt</em></span> <span class='ocrx_word' id='word_1_420' title='bbox 1691 1019 1967 1063; x_wconf 73' lang='lat' dir='ltr'><em>magnitudinem</em></span> <span class='ocrx_word' id='word_1_421' title='bbox 1984 1018 2091 1051; x_wconf 88' lang='lat' dir='ltr'><em>huius</em></span> 
     </span>
     <span class='ocr_line' id='line_1_71' title="bbox 1110 1069 2091 1113; baseline -0.004 -9"><span class='ocrx_word' id='word_1_422' title='bbox 1110 1072 1288 1106; x_wconf 89' lang='lat' dir='ltr'><em>interioris</em></span> <span class='ocrx_word' id='word_1_423' title='bbox 1312 1072 1578 1109; x_wconf 80' lang='lat' dir='ltr'><em>imbecillitatis,</em></span> <span class='ocrx_word' id='word_1_424' title='bbox 1605 1078 1637 1104; x_wconf 88' lang='lat' dir='ltr'><em>et</em></span> <span class='ocrx_word' id='word_1_425' title='bbox 1663 1082 1763 1113; x_wconf 86' lang='lat' dir='ltr'><em>saepe</em></span> <span class='ocrx_word' id='word_1_426' title='bbox 1787 1069 2015 1113; x_wconf 82' lang='lat' dir='ltr'><em>experiuntur</em></span> <span class='ocrx_word' id='word_1_427' title='bbox 2033 1069 2091 1100; x_wconf 88' lang='lat' dir='ltr'><em>iu-</em></span> 
     </span>
     <span class='ocr_line' id='line_1_72' title="bbox 1084 1119 2089 1166; baseline -0.004 -12"><span class='ocrx_word' id='word_1_428' title='bbox 1084 1128 1085 1142; x_wconf 63' lang='lat'><em>*</em></span> <span class='ocrx_word' id='word_1_429' title='bbox 1110 1130 1227 1165; x_wconf 79' lang='lat' dir='ltr'><em>gentes</em></span> <span class='ocrx_word' id='word_1_430' title='bbox 1251 1134 1381 1166; x_wconf 79' lang='lat' dir='ltr'><em>poenas</em></span> <span class='ocrx_word' id='word_1_431' title='bbox 1399 1122 1494 1166; x_wconf 85' lang='lat' dir='ltr'><em>sequi</em></span> <span class='ocrx_word' id='word_1_432' title='bbox 1514 1122 1622 1154; x_wconf 81' lang='lat' dir='ltr'><em>levem</em></span> <span class='ocrx_word' id='word_1_433' title='bbox 1640 1121 1906 1164; x_wconf 73' lang='lat' dir='ltr'><em>negligentiam,</em></span> <span class='ocrx_word' id='word_1_434' title='bbox 1934 1126 1971 1153; x_wconf 88' lang='lat' dir='ltr'><em>ut</em></span> <span class='ocrx_word' id='word_1_435' title='bbox 1991 1119 2089 1151; x_wconf 76' lang='lat' dir='ltr'><em>vide-</em></span> 
     </span>
     <span class='ocr_line' id='line_1_73' title="bbox 1111 1169 2091 1216; baseline -0.004 -10"><span class='ocrx_word' id='word_1_436' title='bbox 1111 1181 1184 1206; x_wconf 88' lang='lat' dir='ltr'><em>tur:</em></span> <span class='ocrx_word' id='word_1_437' title='bbox 1220 1180 1253 1207; x_wconf 88' lang='lat' dir='ltr'><em>et</em></span> <span class='ocrx_word' id='word_1_438' title='bbox 1285 1173 1491 1216; x_wconf 84' lang='lat' dir='ltr'><em>magnitudo</em></span> <span class='ocrx_word' id='word_1_439' title='bbox 1520 1172 1773 1210; x_wconf 83' lang='lat' dir='ltr'><em>calamitatum,</em></span> <span class='ocrx_word' id='word_1_440' title='bbox 1806 1171 1933 1215; x_wconf 88' lang='lat' dir='ltr'><em>quibus</em></span> <span class='ocrx_word' id='word_1_441' title='bbox 1956 1169 2091 1214; x_wconf 84' lang='lat' dir='ltr'><em>praeci-</em></span> 
     </span>
     <span class='ocr_line' id='line_1_74' title="bbox 1112 1220 2091 1267; baseline -0.004 -11"><span class='ocrx_word' id='word_1_442' title='bbox 1112 1236 1177 1267; x_wconf 90' lang='lat' dir='ltr'><em>pue</em></span> <span class='ocrx_word' id='word_1_443' title='bbox 1211 1224 1365 1267; x_wconf 85' lang='lat' dir='ltr'><em>oppressi</em></span> <span class='ocrx_word' id='word_1_444' title='bbox 1399 1230 1480 1256; x_wconf 89' lang='lat' dir='ltr'><em>sunt</em></span> <span class='ocrx_word' id='word_1_445' title='bbox 1508 1223 1637 1261; x_wconf 80' lang='lat' dir='ltr'><em>sancti,</em></span> <span class='ocrx_word' id='word_1_446' title='bbox 1672 1222 1826 1263; x_wconf 84' lang='lat' dir='ltr'><em>coarguit</em></span> <span class='ocrx_word' id='word_1_447' title='bbox 1858 1228 1889 1254; x_wconf 87' lang='lat' dir='ltr'><em>et</em></span> <span class='ocrx_word' id='word_1_448' title='bbox 1912 1220 2091 1253; x_wconf 70' lang='lat' dir='ltr'><em>convincit</em></span> 
     </span>
     <span class='ocr_line' id='line_1_75' title="bbox 1111 1270 2090 1318; baseline -0.006 -11"><span class='ocrx_word' id='word_1_449' title='bbox 1111 1286 1188 1314; x_wconf 85' lang='lat' dir='ltr'><em>eos,</em></span> <span class='ocrx_word' id='word_1_450' title='bbox 1217 1275 1309 1318; x_wconf 86' lang='lat' dir='ltr'><em>quod</em></span> <span class='ocrx_word' id='word_1_451' title='bbox 1336 1271 1449 1306; x_wconf 85' lang='lat' dir='ltr'><em>adhuc</em></span> <span class='ocrx_word' id='word_1_452' title='bbox 1475 1273 1719 1306; x_wconf 85' lang='lat' dir='ltr'><em>circumferant</em></span> <span class='ocrx_word' id='word_1_453' title='bbox 1738 1278 1933 1315; x_wconf 88' lang='lat' dir='ltr'><em>peccatum,</em></span> <span class='ocrx_word' id='word_1_454' title='bbox 1960 1278 1993 1305; x_wconf 89' lang='lat' dir='ltr'><em>et</em></span> <span class='ocrx_word' id='word_1_455' title='bbox 2011 1270 2090 1315; x_wconf 83' lang='lat' dir='ltr'><em>qui-</em></span> 
     </span>
     <span class='ocr_line' id='line_1_76' title="bbox 1111 1321 2089 1365; baseline -0.004 -8"><span class='ocrx_word' id='word_1_456' title='bbox 1111 1326 1188 1357; x_wconf 86' lang='lat' dir='ltr'><em>dem</em></span> <span class='ocrx_word' id='word_1_457' title='bbox 1208 1324 1244 1356; x_wconf 92' lang='lat' dir='ltr'><em>in</em></span> <span class='ocrx_word' id='word_1_458' title='bbox 1262 1324 1332 1357; x_wconf 89' lang='lat' dir='ltr'><em>illis</em></span> <span class='ocrx_word' id='word_1_459' title='bbox 1348 1323 1605 1356; x_wconf 81' lang='lat' dir='ltr'><em>calamitatibus</em></span> <span class='ocrx_word' id='word_1_460' title='bbox 1622 1329 1813 1365; x_wconf 86' lang='lat' dir='ltr'><em>agnoscunt</em></span> <span class='ocrx_word' id='word_1_461' title='bbox 1831 1333 1891 1354; x_wconf 89' lang='lat' dir='ltr'><em>sua</em></span> <span class='ocrx_word' id='word_1_462' title='bbox 1907 1321 2010 1362; x_wconf 81' lang='lat' dir='ltr'><em>vitia,</em></span> <span class='ocrx_word' id='word_1_463' title='bbox 2037 1332 2089 1353; x_wconf 85' lang='lat' dir='ltr'><em>se-</em></span> 
     </span>
     <span class='ocr_line' id='line_1_77' title="bbox 1111 1373 1945 1417; baseline -0.005 -9"><span class='ocrx_word' id='word_1_464' title='bbox 1111 1375 1314 1415; x_wconf 87' lang='lat' dir='ltr'><em>curitatem,</em></span> <span class='ocrx_word' id='word_1_465' title='bbox 1343 1374 1607 1417; x_wconf 85' lang='lat' dir='ltr'><em>negligentiam,</em></span> <span class='ocrx_word' id='word_1_466' title='bbox 1635 1373 1865 1406; x_wconf 81' lang='lat' dir='ltr'><em>diffidentiam</em></span> <span class='ocrx_word' id='word_1_467' title='bbox 1883 1378 1945 1405; x_wconf 89' lang='lat' dir='ltr'><em>etc.</em></span> 
     </span>
    </p>
   </div>
   <div class='ocr_carea' id='block_1_24' title="bbox 1083 541 1086 1443">
    <p class='ocr_par' dir='ltr' id='par_1_29' title="bbox 1083 541 1086 1443">
     <span class='ocr_line' id='line_1_78' title="bbox 1083 541 1086 1443; baseline 0 0"><span class='ocrx_word' id='word_1_468' title='bbox 1083 541 1086 1443; x_wconf 95' lang='lat' dir='ltr'><em> </em></span> 
     </span>
    </p>
   </div>
   <div class='ocr_carea' id='block_1_25' title="bbox 1111 1437 2092 1987">
    <p class='ocr_par' dir='ltr' id='par_1_30' title="bbox 1111 1437 2092 1987">
     <span class='ocr_line' id='line_1_79' title="bbox 1213 1437 2091 1483; baseline -0.005 -10"><span class='ocrx_word' id='word_1_469' title='bbox 1213 1440 1262 1473; x_wconf 86' lang='lat' dir='ltr'><em>Ita</em></span> <span class='ocrx_word' id='word_1_470' title='bbox 1279 1438 1459 1473; x_wconf 77' lang='lat' dir='ltr'><em>bicMaria</em></span> <span class='ocrx_word' id='word_1_471' title='bbox 1475 1440 1617 1483; x_wconf 75' lang='lat' dir='ltr'><em>agnovit</em></span> <span class='ocrx_word' id='word_1_472' title='bbox 1633 1451 1730 1472; x_wconf 89' lang='lat' dir='ltr'><em>suam</em></span> <span class='ocrx_word' id='word_1_473' title='bbox 1746 1437 2006 1481; x_wconf 84' lang='lat' dir='ltr'><em>negligentiam,</em></span> <span class='ocrx_word' id='word_1_474' title='bbox 2033 1448 2091 1470; x_wconf 89' lang='lat' dir='ltr'><em>co·-</em></span> 
     </span>
     <span class='ocr_line' id='line_1_80' title="bbox 1111 1486 2090 1534; baseline -0.006 -10"><span class='ocrx_word' id='word_1_475' title='bbox 1111 1492 1243 1533; x_wconf 77' lang='lat' dir='ltr'><em>gitabat</em></span> <span class='ocrx_word' id='word_1_476' title='bbox 1269 1491 1335 1523; x_wconf 88' lang='lat' dir='ltr'><em>sibi</em></span> <span class='ocrx_word' id='word_1_477' title='bbox 1366 1491 1549 1534; x_wconf 86' lang='lat' dir='ltr'><em>praecipue</em></span> <span class='ocrx_word' id='word_1_478' title='bbox 1579 1491 1776 1523; x_wconf 84' lang='lat' dir='ltr'><em>mandatam</em></span> <span class='ocrx_word' id='word_1_479' title='bbox 1801 1501 1872 1521; x_wconf 89' lang='lat' dir='ltr'><em>esse</em></span> <span class='ocrx_word' id='word_1_480' title='bbox 1896 1486 2090 1521; x_wconf 81' lang='lat' dir='ltr'><em>custodiam</em></span> 
     </span>
     <span class='ocr_line' id='line_1_81' title="bbox 1113 1538 2092 1581; baseline -0.006 -6"><span class='ocrx_word' id='word_1_481' title='bbox 1113 1541 1216 1575; x_wconf 86' lang='lat' dir='ltr'><em>buius</em></span> <span class='ocrx_word' id='word_1_482' title='bbox 1239 1542 1322 1581; x_wconf 80' lang='lat' dir='ltr'><em>filii,</em></span> <span class='ocrx_word' id='word_1_483' title='bbox 1349 1553 1384 1574; x_wconf 89' lang='lat' dir='ltr'><em>se</em></span> <span class='ocrx_word' id='word_1_484' title='bbox 1410 1553 1481 1574; x_wconf 89' lang='lat' dir='ltr'><em>esse</em></span> <span class='ocrx_word' id='word_1_485' title='bbox 1502 1541 1647 1575; x_wconf 86' lang='lat' dir='ltr'><em>oblitam</em></span> <span class='ocrx_word' id='word_1_486' title='bbox 1670 1540 1863 1580; x_wconf 86' lang='lat' dir='ltr'><em>officiisui‚</em></span> <span class='ocrx_word' id='word_1_487' title='bbox 1891 1538 2092 1572; x_wconf 81' lang='lat' dir='ltr'><em>conserebat</em></span> 
     </span>
     <span class='ocr_line' id='line_1_82' title="bbox 1111 1586 2091 1636; baseline -0.006 -10"><span class='ocrx_word' id='word_1_488' title='bbox 1111 1606 1145 1626; x_wconf 87' lang='lat' dir='ltr'><em>se</em></span> <span class='ocrx_word' id='word_1_489' title='bbox 1168 1605 1246 1625; x_wconf 80' lang='lat' dir='ltr'><em>cuin</em></span> <span class='ocrx_word' id='word_1_490' title='bbox 1265 1591 1360 1635; x_wconf 87' lang='lat' dir='ltr'><em>Eva,</em></span> <span class='ocrx_word' id='word_1_491' title='bbox 1387 1604 1475 1636; x_wconf 86' lang='lat' dir='ltr'><em>quae</em></span> <span class='ocrx_word' id='word_1_492' title='bbox 1497 1599 1598 1625; x_wconf 85' lang='lat' dir='ltr'><em>antea</em></span> <span class='ocrx_word' id='word_1_493' title='bbox 1623 1591 1823 1635; x_wconf 82' lang='lat' dir='ltr'><em>perdiderat</em></span> <span class='ocrx_word' id='word_1_494' title='bbox 1840 1601 1947 1633; x_wconf 86' lang='lat' dir='ltr'><em>genus</em></span> <span class='ocrx_word' id='word_1_495' title='bbox 1966 1586 2091 1621; x_wconf 83' lang='lat' dir='ltr'><em>buma-</em></span> 
     </span>
     <span class='ocr_line' id='line_1_83' title="bbox 1112 1641 2091 1685; baseline -0.005 -10"><span class='ocrx_word' id='word_1_496' title='bbox 1112 1656 1195 1676; x_wconf 91' lang='lat' dir='ltr'><em>num</em></span> <span class='ocrx_word' id='word_1_497' title='bbox 1207 1670 1216 1683; x_wconf 84' lang='lat'><em>,</em></span> <span class='ocrx_word' id='word_1_498' title='bbox 1243 1655 1337 1675; x_wconf 91' lang='lat' dir='ltr'><em>nuuc</em></span> <span class='ocrx_word' id='word_1_499' title='bbox 1355 1643 1427 1685; x_wconf 89' lang='lat' dir='ltr'><em>ipsa</em></span> <span class='ocrx_word' id='word_1_500' title='bbox 1445 1643 1571 1684; x_wconf 88' lang='lat' dir='ltr'><em>cogitat</em></span> <span class='ocrx_word' id='word_1_501' title='bbox 1586 1654 1620 1674; x_wconf 90' lang='lat' dir='ltr'><em>se</em></span> <span class='ocrx_word' id='word_1_502' title='bbox 1636 1643 1779 1674; x_wconf 88' lang='lat' dir='ltr'><em>alteram</em></span> <span class='ocrx_word' id='word_1_503' title='bbox 1790 1641 1899 1673; x_wconf 78' lang='lat' dir='ltr'><em>Evam</em></span> <span class='ocrx_word' id='word_1_504' title='bbox 1918 1651 1988 1672; x_wconf 87' lang='lat' dir='ltr'><em>esse</em></span> <span class='ocrx_word' id='word_1_505' title='bbox 2004 1649 2091 1683; x_wconf 89' lang='lat' dir='ltr'><em>quae</em></span> 
     </span>
     <span class='ocr_line' id='line_1_84' title="bbox 1112 1688 2091 1735; baseline -0.006 -10"><span class='ocrx_word' id='word_1_506' title='bbox 1112 1694 1237 1726; x_wconf 89' lang='lat' dir='ltr'><em>amisso</em></span> <span class='ocrx_word' id='word_1_507' title='bbox 1269 1693 1359 1730; x_wconf 86' lang='lat' dir='ltr'><em>filio,</em></span> <span class='ocrx_word' id='word_1_508' title='bbox 1394 1704 1514 1724; x_wconf 86' lang='lat' dir='ltr'><em>rursus</em></span> <span class='ocrx_word' id='word_1_509' title='bbox 1539 1692 1731 1735; x_wconf 80' lang='lat' dir='ltr'><em>perdiderit</em></span> <span class='ocrx_word' id='word_1_510' title='bbox 1753 1702 1861 1733; x_wconf 86' lang='lat' dir='ltr'><em>genus</em></span> <span class='ocrx_word' id='word_1_511' title='bbox 1885 1688 2091 1728; x_wconf 86' lang='lat' dir='ltr'><em>humanum,</em></span> 
     </span>
     <span class='ocr_line' id='line_1_85' title="bbox 1112 1739 2089 1786; baseline -0.005 -10"><span class='ocrx_word' id='word_1_512' title='bbox 1112 1743 1276 1785; x_wconf 80' lang='lat' dir='ltr'><em>cogitavit</em></span> <span class='ocrx_word' id='word_1_513' title='bbox 1298 1742 1415 1775; x_wconf 89' lang='lat' dir='ltr'><em>omnia</em></span> <span class='ocrx_word' id='word_1_514' title='bbox 1441 1742 1625 1782; x_wconf 83' lang='lat' dir='ltr'><em>miracula,</em></span> <span class='ocrx_word' id='word_1_515' title='bbox 1653 1742 1782 1786; x_wconf 89' lang='lat' dir='ltr'><em>quibus</em></span> <span class='ocrx_word' id='word_1_516' title='bbox 1798 1740 1893 1773; x_wconf 89' lang='lat' dir='ltr'><em>Deus</em></span> <span class='ocrx_word' id='word_1_517' title='bbox 1916 1740 2023 1782; x_wconf 86' lang='lat' dir='ltr'><em>ipsam</em></span> <span class='ocrx_word' id='word_1_518' title='bbox 2047 1739 2089 1771; x_wconf 88' lang='lat' dir='ltr'><em>ad</em></span> 
     </span>
     <span class='ocr_line' id='line_1_86' title="bbox 1112 1790 2091 1833; baseline -0.004 -7"><span class='ocrx_word' id='word_1_519' title='bbox 1112 1806 1230 1826; x_wconf 92' lang='lat' dir='ltr'><em>curam</em></span> <span class='ocrx_word' id='word_1_520' title='bbox 1255 1790 1361 1826; x_wconf 87' lang='lat' dir='ltr'><em>buius</em></span> <span class='ocrx_word' id='word_1_521' title='bbox 1386 1792 1448 1824; x_wconf 83' lang='lat' dir='ltr'><em>filii</em></span> <span class='ocrx_word' id='word_1_522' title='bbox 1470 1793 1687 1825; x_wconf 75' lang='lat' dir='ltr'><em>excitaverat.</em></span> <span class='ocrx_word' id='word_1_523' title='bbox 1748 1790 1837 1825; x_wconf 85' lang='lat' dir='ltr'><em>Cum</em></span> <span class='ocrx_word' id='word_1_524' title='bbox 1861 1791 1967 1833; x_wconf 87' lang='lat' dir='ltr'><em>igitur</em></span> <span class='ocrx_word' id='word_1_525' title='bbox 1991 1790 2091 1822; x_wconf 86' lang='lat' dir='ltr'><em>vide-</em></span> 
     </span>
     <span class='ocr_line' id='line_1_87' title="bbox 1113 1840 2091 1888; baseline -0.004 -12"><span class='ocrx_word' id='word_1_526' title='bbox 1113 1853 1163 1877; x_wconf 86' lang='lat' dir='ltr'><em>ret</em></span> <span class='ocrx_word' id='word_1_527' title='bbox 1179 1850 1348 1888; x_wconf 87' lang='lat' dir='ltr'><em>quantum</em></span> <span class='ocrx_word' id='word_1_528' title='bbox 1370 1850 1546 1886; x_wconf 87' lang='lat' dir='ltr'><em>peccatum</em></span> <span class='ocrx_word' id='word_1_529' title='bbox 1567 1849 1655 1875; x_wconf 88' lang='lat' dir='ltr'><em>esset</em></span> <span class='ocrx_word' id='word_1_530' title='bbox 1671 1840 1754 1874; x_wconf 88' lang='lat' dir='ltr'><em>haec</em></span> <span class='ocrx_word' id='word_1_531' title='bbox 1772 1840 2002 1883; x_wconf 80' lang='lat' dir='ltr'><em>negligentia,</em></span> <span class='ocrx_word' id='word_1_532' title='bbox 2029 1852 2091 1872; x_wconf 89' lang='lat' dir='ltr'><em>ne-</em></span> 
     </span>
     <span class='ocr_line' id='line_1_88' title="bbox 1112 1892 2091 1935; baseline -0.003 -9"><span class='ocrx_word' id='word_1_533' title='bbox 1112 1907 1202 1927; x_wconf 83' lang='lat' dir='ltr'><em>cesse</em></span> <span class='ocrx_word' id='word_1_534' title='bbox 1224 1901 1273 1927; x_wconf 89' lang='lat' dir='ltr'><em>est</em></span> <span class='ocrx_word' id='word_1_535' title='bbox 1295 1894 1399 1926; x_wconf 88' lang='lat' dir='ltr'><em>suisse</em></span> <span class='ocrx_word' id='word_1_536' title='bbox 1416 1893 1573 1935; x_wconf 80' lang='lat' dir='ltr'><em>ingentes</em></span> <span class='ocrx_word' id='word_1_537' title='bbox 1591 1893 1729 1925; x_wconf 89' lang='lat' dir='ltr'><em>dolores</em></span> <span class='ocrx_word' id='word_1_538' title='bbox 1746 1899 1818 1925; x_wconf 88' lang='lat' dir='ltr'><em>toto</em></span> <span class='ocrx_word' id='word_1_539' title='bbox 1838 1892 1974 1931; x_wconf 88' lang='lat' dir='ltr'><em>triduo,</em></span> <span class='ocrx_word' id='word_1_540' title='bbox 2004 1903 2091 1935; x_wconf 85' lang='lat' dir='ltr'><em>quo-</em></span> 
     </span>
     <span class='ocr_line' id='line_1_89' title="bbox 1113 1941 1992 1987; baseline -0.003 -11"><span class='ocrx_word' id='word_1_541' title='bbox 1113 1957 1188 1978; x_wconf 85' lang='lat' dir='ltr'><em>rum</em></span> <span class='ocrx_word' id='word_1_542' title='bbox 1204 1943 1482 1987; x_wconf 81' lang='lat' dir='ltr'><em>magnitudinem</em></span> <span class='ocrx_word' id='word_1_543' title='bbox 1497 1955 1599 1976; x_wconf 87' lang='lat' dir='ltr'><em>nemo</em></span> <span class='ocrx_word' id='word_1_544' title='bbox 1616 1941 1799 1976; x_wconf 88' lang='lat' dir='ltr'><em>homiuum</em></span> <span class='ocrx_word' id='word_1_545' title='bbox 1816 1942 1992 1984; x_wconf 87' lang='lat' dir='ltr'><em>intelligit.</em></span> 
     </span>
    </p>
   </div>
   <div class='ocr_carea' id='block_1_26' title="bbox 1082 2009 2091 2349">
    <p class='ocr_par' dir='ltr' id='par_1_31' title="bbox 1213 2009 2091 2054">
     <span class='ocr_line' id='line_1_90' title="bbox 1213 2009 2091 2054; baseline -0.003 -11"><span class='ocrx_word' id='word_1_546' title='bbox 1213 2011 1280 2044; x_wconf 90' lang='lat' dir='ltr'><em>Hic</em></span> <span class='ocrx_word' id='word_1_547' title='bbox 1297 2011 1403 2052; x_wconf 74' lang='lat' dir='ltr'><em>igitur</em></span> <span class='ocrx_word' id='word_1_548' title='bbox 1418 2010 1609 2051; x_wconf 89' lang='lat' dir='ltr'><em>discamus,</em></span> <span class='ocrx_word' id='word_1_549' title='bbox 1636 2009 1752 2054; x_wconf 87' lang='lat' dir='ltr'><em>qualia</em></span> <span class='ocrx_word' id='word_1_550' title='bbox 1771 2009 1842 2042; x_wconf 89' lang='lat' dir='ltr'><em>siut</em></span> <span class='ocrx_word' id='word_1_551' title='bbox 1857 2015 1993 2053; x_wconf 86' lang='lat' dir='ltr'><em>peccata</em></span> <span class='ocrx_word' id='word_1_552' title='bbox 2012 2019 2091 2041; x_wconf 84' lang='lat' dir='ltr'><em>san-</em></span> 
     </span>
    </p>

    <p class='ocr_par' dir='ltr' id='par_1_32' title="bbox 1083 2059 2091 2132">
     <span class='ocr_line' id='line_1_91' title="bbox 1083 2059 2091 2132; baseline -0.004 -37"><span class='ocrx_word' id='word_1_553' title='bbox 1083 2074 1085 2132; x_wconf 58' lang='grc'>1</span> <span class='ocrx_word' id='word_1_554' title='bbox 1112 2070 1266 2101; x_wconf 74' lang='lat' dir='ltr'><em>clarum,</em></span> <span class='ocrx_word' id='word_1_555' title='bbox 1301 2073 1363 2093; x_wconf 90' lang='lat' dir='ltr'><em>nec</em></span> <span class='ocrx_word' id='word_1_556' title='bbox 1393 2068 1619 2093; x_wconf 80' lang='lat' dir='ltr'><em>extenuemus</em></span> <span class='ocrx_word' id='word_1_557' title='bbox 1646 2061 1770 2092; x_wconf 76' lang='lat' dir='ltr'><em>vitium</em></span> <span class='ocrx_word' id='word_1_558' title='bbox 1797 2059 1968 2093; x_wconf 88' lang='lat' dir='ltr'><em>naturalis</em></span> <span class='ocrx_word' id='word_1_559' title='bbox 1993 2060 2091 2091; x_wconf 79' lang='lat' dir='ltr'><em>infir-</em></span> 
     </span>
    </p>

    <p class='ocr_par' dir='ltr' id='par_1_33' title="bbox 1083 2110 2091 2174">
     <span class='ocr_line' id='line_1_92' title="bbox 1083 2110 2091 2174; baseline -0.004 -30"><span class='ocrx_word' id='word_1_560' title='bbox 1083 2133 1085 2174; x_wconf 45' lang='grc' dir='ltr'>ι</span> <span class='ocrx_word' id='word_1_561' title='bbox 1113 2113 1241 2146; x_wconf 65' lang='lat' dir='ltr'><em>[nitatis</em></span> <span class='ocrx_word' id='word_1_562' title='bbox 1265 2119 1324 2145; x_wconf 87' lang='lat' dir='ltr'><em>aut</em></span> <span class='ocrx_word' id='word_1_563' title='bbox 1348 2112 1588 2154; x_wconf 82' lang='lat' dir='ltr'><em>negligentiae.</em></span> <span class='ocrx_word' id='word_1_564' title='bbox 1650 2110 1747 2144; x_wconf 87' lang='lat' dir='ltr'><em>Sicut</em></span> <span class='ocrx_word' id='word_1_565' title='bbox 1770 2110 1976 2152; x_wconf 86' lang='lat' dir='ltr'><em>magnitudo</em></span> <span class='ocrx_word' id='word_1_566' title='bbox 2000 2110 2091 2141; x_wconf 88' lang='lat' dir='ltr'><em>cala-</em></span> 
     </span>
    </p>

    <p class='ocr_par' dir='ltr' id='par_1_34' title="bbox 1082 2162 2090 2201">
     <span class='ocr_line' id='line_1_93' title="bbox 1082 2162 2090 2201; baseline -0.006 -4"><span class='ocrx_word' id='word_1_567' title='bbox 1082 2180 1085 2197; x_wconf 80' lang='lat' dir='ltr'><em>t</em></span> <span class='ocrx_word' id='word_1_568' title='bbox 1113 2164 1271 2196; x_wconf 78' lang='lat' dir='ltr'><em>initaturn</em></span> <span class='ocrx_word' id='word_1_569' title='bbox 1301 2174 1445 2194; x_wconf 79' lang='lat' dir='ltr'><em>mouere</em></span> <span class='ocrx_word' id='word_1_570' title='bbox 1474 2173 1537 2194; x_wconf 90' lang='lat' dir='ltr'><em>nos</em></span> <span class='ocrx_word' id='word_1_571' title='bbox 1562 2162 1730 2201; x_wconf 85' lang='lat' dir='ltr'><em>debebat,</em></span> <span class='ocrx_word' id='word_1_572' title='bbox 1761 2173 1804 2193; x_wconf 88' lang='lat' dir='ltr'><em>ue</em></span> <span class='ocrx_word' id='word_1_573' title='bbox 1830 2162 1863 2192; x_wconf 89' lang='lat' dir='ltr'><em>id</em></span> <span class='ocrx_word' id='word_1_574' title='bbox 1888 2167 2090 2192; x_wconf 79' lang='lat' dir='ltr'><em>extenuare-</em></span> 
     </span>
    </p>

    <p class='ocr_par' dir='ltr' id='par_1_35' title="bbox 1083 2210 2089 2253">
     <span class='ocr_line' id='line_1_94' title="bbox 1083 2210 2089 2253; baseline -0.005 -8"><span class='ocrx_word' id='word_1_575' title='bbox 1083 2222 1084 2239; x_wconf 60' lang='lat'>¹</span> <span class='ocrx_word' id='word_1_576' title='bbox 1113 2225 1201 2246; x_wconf 88' lang='lat' dir='ltr'><em>mus.</em></span> <span class='ocrx_word' id='word_1_577' title='bbox 1266 2211 1329 2246; x_wconf 86' lang='lat' dir='ltr'><em>Est</em></span> <span class='ocrx_word' id='word_1_578' title='bbox 1360 2220 1476 2245; x_wconf 83' lang='lat' dir='ltr'><em>autem</em></span> <span class='ocrx_word' id='word_1_579' title='bbox 1508 2213 1543 2244; x_wconf 88' lang='lat' dir='ltr'><em>in</em></span> <span class='ocrx_word' id='word_1_580' title='bbox 1573 2212 1720 2253; x_wconf 78' lang='lat' dir='ltr'><em>singulis</em></span> <span class='ocrx_word' id='word_1_581' title='bbox 1751 2211 1877 2244; x_wconf 87' lang='lat' dir='ltr'><em>sanctis</em></span> <span class='ocrx_word' id='word_1_582' title='bbox 1907 2210 2089 2252; x_wconf 86' lang='lat' dir='ltr'><em>multiplex</em></span> 
     </span>
    </p>

    <p class='ocr_par' dir='ltr' id='par_1_36' title="bbox 1111 2260 2091 2349">
     <span class='ocr_line' id='line_1_95' title="bbox 1112 2260 2091 2308; baseline -0.003 -13"><span class='ocrx_word' id='word_1_583' title='bbox 1112 2263 1340 2307; x_wconf 85' lang='lat' dir='ltr'><em>negligentia,</em></span> <span class='ocrx_word' id='word_1_584' title='bbox 1379 2275 1467 2308; x_wconf 87' lang='lat' dir='ltr'><em>qnae</em></span> <span class='ocrx_word' id='word_1_585' title='bbox 1495 2270 1611 2307; x_wconf 81' lang='lat' dir='ltr'><em>postea</em></span> <span class='ocrx_word' id='word_1_586' title='bbox 1639 2262 1740 2295; x_wconf 83' lang='lat' dir='ltr'><em>etiam</em></span> <span class='ocrx_word' id='word_1_587' title='bbox 1766 2261 1907 2294; x_wconf 83' lang='lat' dir='ltr'><em>accersit</em></span> <span class='ocrx_word' id='word_1_588' title='bbox 1935 2260 2091 2303; x_wconf 85' lang='lat' dir='ltr'><em>ingentes</em></span> 
     </span>
     <span class='ocr_line' id='line_1_96' title="bbox 1111 2325 1305 2349; baseline 0.01 -2"><span class='ocrx_word' id='word_1_589' title='bbox 1111 2325 1305 2349; x_wconf 83' lang='lat' dir='ltr'><em>aerumnaS.</em></span> 
     </span>
    </p>
   </div>
   <div class='ocr_carea' id='block_1_27' title="bbox 1506 2405 1700 2435">
    <p class='ocr_par' dir='ltr' id='par_1_37' title="bbox 1506 2405 1700 2435">
     <span class='ocr_line' id='line_1_97' title="bbox 1506 2405 1700 2435; baseline -0.005 -6"><span class='ocrx_word' id='word_1_590' title='bbox 1506 2405 1700 2435; x_wconf 82' lang='lat' dir='ltr'><em>Quintus.</em></span> 
     </span>
    </p>
   </div>
   <div class='ocr_carea' id='block_1_28' title="bbox 1108 2461 2089 2708">
    <p class='ocr_par' dir='ltr' id='par_1_38' title="bbox 1108 2461 2089 2708">
     <span class='ocr_line' id='line_1_98' title="bbox 1212 2461 2089 2507; baseline -0.008 -7"><span class='ocrx_word' id='word_1_591' title='bbox 1212 2464 1374 2500; x_wconf 80' lang='lat' dir='ltr'><em>Christus</em></span> <span class='ocrx_word' id='word_1_592' title='bbox 1390 2466 1570 2499; x_wconf 83' lang='lat' dir='ltr'><em>invenitur</em></span> <span class='ocrx_word' id='word_1_593' title='bbox 1588 2465 1623 2498; x_wconf 91' lang='lat' dir='ltr'><em>in</em></span> <span class='ocrx_word' id='word_1_594' title='bbox 1643 2464 1792 2507; x_wconf 88' lang='lat' dir='ltr'><em>templo,</em></span> <span class='ocrx_word' id='word_1_595' title='bbox 1821 2463 1852 2494; x_wconf 88' lang='lat' dir='ltr'><em>id</em></span> <span class='ocrx_word' id='word_1_596' title='bbox 1873 2467 1940 2501; x_wconf 82' lang='lat' dir='ltr'><em>est,</em></span> <span class='ocrx_word' id='word_1_597' title='bbox 1969 2461 2003 2493; x_wconf 94' lang='lat' dir='ltr'><em>in</em></span> <span class='ocrx_word' id='word_1_598' title='bbox 2022 2462 2089 2494; x_wconf 88' lang='lat' dir='ltr'><em>mi-</em></span> 
     </span>
     <span class='ocr_line' id='line_1_99' title="bbox 1110 2513 2088 2562; baseline -0.004 -13"><span class='ocrx_word' id='word_1_599' title='bbox 1110 2517 1270 2550; x_wconf 89' lang='lat' dir='ltr'><em>nisterio:</em></span> <span class='ocrx_word' id='word_1_600' title='bbox 1306 2530 1374 2562; x_wconf 89' lang='lat' dir='ltr'><em>quo</em></span> <span class='ocrx_word' id='word_1_601' title='bbox 1399 2517 1629 2557; x_wconf 80' lang='lat' dir='ltr'><em>significatum</em></span> <span class='ocrx_word' id='word_1_602' title='bbox 1654 2522 1720 2553; x_wconf 86' lang='lat' dir='ltr'><em>est,</em></span> <span class='ocrx_word' id='word_1_603' title='bbox 1754 2513 1991 2556; x_wconf 83' lang='lat' dir='ltr'><em>quaerendum</em></span> <span class='ocrx_word' id='word_1_604' title='bbox 2017 2524 2088 2545; x_wconf 88' lang='lat' dir='ltr'><em>esse</em></span> 
     </span>
     <span class='ocr_line' id='line_1_100' title="bbox 1109 2562 2087 2610; baseline -0.006 -10"><span class='ocrx_word' id='word_1_605' title='bbox 1109 2565 1288 2601; x_wconf 83' lang='lat' dir='ltr'><em>Christum</em></span> <span class='ocrx_word' id='word_1_606' title='bbox 1312 2568 1403 2610; x_wconf 89' lang='lat' dir='ltr'><em>apud</em></span> <span class='ocrx_word' id='word_1_607' title='bbox 1427 2565 1636 2605; x_wconf 84' lang='lat' dir='ltr'><em>Ecclesiam,</em></span> <span class='ocrx_word' id='word_1_608' title='bbox 1662 2563 1852 2597; x_wconf 87' lang='lat' dir='ltr'><em>Ecclesiam</em></span> <span class='ocrx_word' id='word_1_609' title='bbox 1876 2562 2087 2595; x_wconf 86' lang='lat' dir='ltr'><em>audiendam</em></span> 
     </span>
     <span class='ocr_line' id='line_1_101' title="bbox 1108 2611 2088 2657; baseline -0.004 -7"><span class='ocrx_word' id='word_1_610' title='bbox 1108 2629 1201 2657; x_wconf 88' lang='lat' dir='ltr'><em>esse,</em></span> <span class='ocrx_word' id='word_1_611' title='bbox 1227 2619 1285 2651; x_wconf 82' lang='lat' dir='ltr'><em>sed</em></span> <span class='ocrx_word' id='word_1_612' title='bbox 1308 2618 1530 2650; x_wconf 87' lang='lat' dir='ltr'><em>iudicandam</em></span> <span class='ocrx_word' id='word_1_613' title='bbox 1552 2627 1623 2648; x_wconf 87' lang='lat' dir='ltr'><em>esse</em></span> <span class='ocrx_word' id='word_1_614' title='bbox 1642 2627 1681 2646; x_wconf 83' lang='lat' dir='ltr'><em>ex</em></span> <span class='ocrx_word' id='word_1_615' title='bbox 1699 2613 1915 2652; x_wconf 87' lang='lat' dir='ltr'><em>ministerio,</em></span> <span class='ocrx_word' id='word_1_616' title='bbox 1943 2611 2007 2646; x_wconf 85' lang='lat' dir='ltr'><em>boc</em></span> <span class='ocrx_word' id='word_1_617' title='bbox 2025 2621 2088 2654; x_wconf 88' lang='lat' dir='ltr'><em>est,</em></span> 
     </span>
     <span class='ocr_line' id='line_1_102' title="bbox 1458 2661 2088 2708; baseline -0.002 -10"><span class='ocrx_word' id='word_1_618' title='bbox 1458 2666 1521 2699; x_wconf 86' lang='lat' dir='ltr'><em>llla</em></span> <span class='ocrx_word' id='word_1_619' title='bbox 1553 2667 1694 2698; x_wconf 84' lang='lat' dir='ltr'><em>demum</em></span> <span class='ocrx_word' id='word_1_620' title='bbox 1718 2672 1767 2698; x_wconf 88' lang='lat' dir='ltr'><em>est</em></span> <span class='ocrx_word' id='word_1_621' title='bbox 1791 2661 1967 2704; x_wconf 82' lang='lat' dir='ltr'><em>Ecclesia,</em></span> <span class='ocrx_word' id='word_1_622' title='bbox 1999 2676 2088 2708; x_wconf 88' lang='lat' dir='ltr'><em>quae</em></span> 
     </span>
    </p>
   </div>
  </div>
 </body>
</html>
