2409 2915
146 107 195 144 65

475 192 613 246 caput
641 193 809 235 xxvi.

199 280 301 316 Sicut
327 280 396 315 nix
417 279 456 314 in
484 285 642 321 aestate,
677 281 769 315 sicut
792 280 923 328 pluvia
950 282 989 317 in
1006 296 1133 318 messe.-

248 333 301 367 εἰσ
317 343 388 367 non
407 328 500 364 decet
516 331 670 365 stultum
683 331 822 378 gloria.

248 407 300 440 De
316 412 444 439 eventu
464 406 638 452 loquitur,
658 414 696 442 ut
713 405 778 441 hoc
794 407 946 443 dictum:
974 409 1130 444 Fortuna

145 469 250 505 quem
271 456 422 490 nimium
446 458 541 492 fovet
566 459 713 492 stultum
737 459 831 495 facit.
884 459 1011 494 Narrat
1036 461 1129 494 enim

144 507 304 543 homines
322 509 484 542 nondum
502 509 686 552 castigatos
703 522 762 543 seu
780 510 952 544 cicnratos
976 512 1051 544 fieri
1074 512 1130 544 in-

142 560 293 592 solentes
322 559 426 592 rebus
447 561 630 601 secundis,
667 569 699 594 et
730 561 846 594 laxare
878 562 996 595 frenos
1022 563 1128 595 variis

141 609 414 654 cupiditatibus,
441 616 481 643 ut
505 610 707 645 Alexander
723 624 801 644 cum
824 612 926 645 initio
944 614 1127 646 modestis-

140 661 250 694 simus
267 667 301 694 et
318 660 526 694 mitissimus
543 661 685 702 suisset,
709 669 828 705 postea
845 664 919 697 vult
937 675 1008 697 esse
1019 664 1129 704 Deus,

139 718 172 745 et
198 711 236 746 fit
259 711 422 747 crudelis.
476 709 567 745 Cum
592 712 686 745 enim
709 710 871 746 homines
895 725 966 746 non
987 725 1124 757 angun-

140 768 215 802 tur,
242 762 332 796 fiunt
354 762 485 803 securi,
513 774 586 796 non
609 770 733 807 petunt
750 764 920 796 auxilium
938 777 956 797 a
973 763 1068 803 Deo,
1095 771 1127 798 et

139 813 229 847 ebrii
252 813 489 854 successibus,
524 825 584 846 sna
608 814 754 847 consilia
786 821 820 847 et
849 826 921 847 sese
957 815 1126 858 magnifa-
1152 836 1153 845 1

137 864 250 900 ciunt.
303 862 386 897 Ideo
412 864 531 907 magni
557 871 591 898 et
616 865 730 899 tristes
753 872 835 899 sunt
852 863 998 899 heroum
1017 877 1127 906 casus,
1151 898 1153 902 ,

139 921 178 948 ut
196 913 376 954 Herculis,
403 912 753 957 Nabuchodonosor,
773 915 873 957 tulii,
891 915 1066 961 Pompeii,
1094 924 1125 950 et

140 965 456 999 innumerabilium
474 966 638 1001 aliorum.

239 1023 318 1058 Etsi
336 1032 452 1058 autem
472 1021 529 1058 hic
548 1026 591 1057 de
617 1031 745 1058 eventu
771 1031 910 1058 tantum
933 1025 1036 1066 dicit,
1064 1026 1124 1070 qui
1149 1044 1150 1049 =

137 1075 180 1108 ad
198 1075 354 1118 regulam
372 1076 525 1120 pertinet
545 1077 587 1107 de
613 1076 851 1109 cummuniter
875 1076 1125 1117 accidentibus,
1148 1090 1150 1099 ⁴

135 1132 254 1160 tamen
271 1126 373 1160 tacite
390 1126 638 1170 complectitur
654 1127 933 1159 admonitionem
948 1138 1009 1160 seu
1025 1139 1125 1171 prae-

134 1183 272 1222 ceptum
292 1178 335 1210 de
351 1177 538 1218 modestia,
566 1178 658 1222 quod
679 1178 800 1210 recitat
818 1177 993 1210 Siracides
1012 1178 1124 1222 capite

134 1229 187 1261 3.:
218 1227 299 1268 Quo
327 1228 440 1260 maior
463 1238 519 1267 es,
546 1239 586 1259 eo
613 1227 719 1269 magis
747 1234 778 1260 te
804 1225 972 1266 humilia,
1011 1235 1046 1262 et
1065 1241 1124 1262 co-

133 1289 208 1310 ram
234 1276 390 1310 Domino
413 1277 571 1310 invenies
597 1278 755 1321 gratiam.
809 1277 912 1311 Item:
941 1277 1036 1312 Deus
1063 1291 1122 1312 sn-

132 1327 250 1372 perbis
266 1327 415 1368 resistit,
444 1325 641 1361 humilibus
658 1334 773 1361 autem
795 1330 853 1361 dat
872 1330 1030 1372 gratiam.
1073 1328 1119 1363 Et

131 1389 236 1422 supra
258 1378 402 1412 recitavi
420 1379 553 1412 dictum
572 1376 770 1412 Plutarchi:
801 1378 918 1412 Solem
938 1379 1122 1413 imitentur

131 1429 325 1474 principes,
352 1430 414 1475 qui
436 1441 516 1463 cum
545 1429 581 1462 in
610 1441 787 1463 summum
814 1430 992 1474 fastigium
1011 1431 1119 1469 venit,

131 1480 244 1514 elatus
267 1480 303 1514 in
329 1487 461 1525 partem
487 1481 683 1519 borealem,
714 1481 913 1514 tardissime
946 1488 1120 1520 movetur,
1144 1502 1146 1508 ι

131 1539 171 1566 ut
190 1532 334 1566 tarditas
352 1544 493 1566 cursum
509 1533 633 1566 reddat
651 1532 831 1566 tutiorem.

182 1629 285 1666 Sicut
323 1630 404 1664 avis
437 1631 565 1679 sugit,
609 1636 639 1665 et
671 1628 835 1665 hirundo
871 1629 1016 1664 avolat:
1065 1631 1119 1664 ila

233 1679 466 1715 maledictum
483 1682 594 1730 sanni
619 1695 691 1715 non
719 1679 961 1717 adhaerescit.

233 1762 406 1796 Tenenda
426 1771 476 1797 est
493 1764 610 1805 regula
629 1763 717 1796 vita:
746 1761 881 1795 Miltia
899 1761 1033 1795 bonam
1051 1761 1119 1794 mi·
1142 1777 1143 1786 π

129 1812 270 1851 littam,
308 1812 464 1846 retinens
483 1810 600 1857 fidem
633 1817 663 1845 et
689 1812 820 1846 bonam
847 1812 1118 1848 conscientium.

129 1863 225 1898 Haec
250 1862 419 1898 habentes
435 1861 644 1897 habebimus
661 1865 764 1897 etiam
782 1864 985 1911 aliquorum
1008 1862 1118 1896 hone-

129 1923 262 1950 storum
282 1915 586 1960 approbationem.
625 1913 667 1948 Et
688 1913 771 1947 baec
791 1916 982 1958 expetenda
1000 1922 1062 1953 est,
1078 1922 1118 1948 ut

128 1966 302 2002 Siracides
321 1966 448 2011 inquit,
467 1967 579 2011 capite
597 1966 675 2000 4i.:
704 1964 834 1999 Curam
854 1962 942 1998 habe
960 1965 1002 1998 de
1021 1966 1117 1998 bono

128 2019 286 2053 nomine.
340 2017 408 2052 Sed
436 2026 550 2051 tamen
576 2029 713 2061 semper
744 2016 846 2050 multi
872 2023 955 2050 sunt
991 2016 1116 2053 invidi,

129 2070 189 2112 qui
214 2069 412 2103 deformare
441 2081 498 2102 eos
523 2069 651 2114 quibus
678 2067 838 2100 invident
863 2074 1052 2107 conantur,
1080 2074 1117 2100 ut
1140 2069 1142 2102 ἶ

126 2119 250 2155 Cicero
271 2120 403 2166 inquit:
432 2118 496 2154 Est
514 2120 684 2165 quaedam
706 2116 813 2152 buius
836 2118 942 2151 seculi
964 2119 1058 2151 labes
1085 2125 1117 2150 et

127 2171 285 2211 macula,
313 2171 474 2204 invidere
498 2171 631 2205 virtuti.

128 2222 317 2266 virulenti,
345 2233 433 2267 quos
452 2222 524 2265 ipsa
543 2220 787 2254 maledicentia
802 2219 963 2255 delectat.
1019 2218 1116 2252 Mul-

127 2274 171 2307 tis
190 2273 227 2306 in
245 2279 392 2318 quaestu
410 2279 476 2312 est,
500 2279 538 2306 ut
555 2271 700 2306 Plautus
718 2271 850 2316 inquit:
882 2269 962 2304 Istic
975 2267 1117 2303 thesau-

127 2336 187 2358 rus
209 2324 324 2358 stnltis
350 2324 386 2356 in
413 2323 531 2366 lingua
564 2323 671 2361 situs,
706 2329 744 2355 ut
769 2321 929 2366 quaestui
955 2319 1117 2361 habeant,

125 2375 216 2409 male
240 2375 339 2421 loqui
368 2374 589 2408 melioribus.
642 2371 688 2407 Et
706 2373 779 2407 noti
797 2379 879 2407 sunt
897 2384 1016 2406 versus
1035 2371 1113 2405 Me-

125 2426 272 2460 nandi-iz

253 2490 270 2522 ὅ
294 2495 365 2531 βίος
385 2491 524 2532 μάλιστα
549 2496 616 2528 τοῖς
639 2495 791 2531 πονηροῖς
816 2489 930 2527 falsvm.

255 2546 322 2573 Vita
346 2546 470 2572 maxime
493 2545 658 2571 deiectanu·
682 2543 828 2579 improbis.

254 2611 384 2653 πράττει
410 2608 441 2641 δ’
463 2608 479 2642 ὃ
504 2609 602 2645 κόλαξ
626 2609 742 2650 ἄριστα
765 2606 905 2644 πάντων,

254 2661 398 2702 δεύτερος
421 2658 438 2692 ὁ
462 2659 674 2700 συκοφάντης,
699 2656 715 2689 ὁ
739 2657 899 2695 κακοήθης
923 2659 1075 2698 τρίτατος.

181 2734 355 2765 illua-eru.
387 2736 489 2766 Ormi.
524 2733 601 2763 Vm..
624 2733 718 2763 XIV.

583 108 629 146 Χ.
679 105 981 144 EXPLICATIO
1008 108 1420 149 PROVERBIORUM
1445 111 1748 156 SALOMONIS.

686 2169 737 2204 Ac
759 2169 861 2202 multi
886 2175 1011 2202 natura
1034 2174 1117 2201 sunt
1140 2187 1141 2199 z

2122 128 2170 162 66

1284 195 1330 232 Et
1353 198 1514 232 omnium
1544 207 1741 246 temporum
1767 201 1934 241 historiae
1964 211 2168 252 ostendunt,

1182 247 1312 282 multos
1336 245 1500 282 honestos
1517 252 1704 287 calumniis
1721 268 1903 300 oppressos
1922 270 2016 301 esse,
2045 268 2083 295 ut
2109 261 2167 295 Io-

1180 296 1287 341 seph,
1305 298 1548 341 Palamedem,
1574 302 1785 345 Aristidem,
1803 305 2061 344 Theramenem
2073 339 2082 351 ,
2099 311 2166 346 So-

1180 356 1330 388 cratem,
1358 357 1391 383 et
1416 350 1503 382 alios
1526 351 1812 392 innumerabiles,
1866 359 1972 394 Acin
1990 359 2166 396 Ecclesia-

1179 407 1230 432 ste
1248 400 1397 434 dicitur:
1427 400 1611 436 Calumnia
1630 406 1747 439 turbat
1769 408 1979 450 sapientem,
2009 419 2042 446 et
2068 413 2166 446 fran-

1179 450 1227 491 git
1246 451 1355 482 robur
1373 452 1489 483 cordis
1506 452 1590 484 eius.
1645 455 1741 490 Sicut
1764 459 1976 500 experientia
1999 465 2167 505 ostendit,

1179 511 1280 544 saepe
1302 502 1412 534 bonos
1427 502 1521 535 viros
1539 502 1706 546 impediri
1725 508 1923 545 calumniis.

1282 550 1349 584 llic
1376 552 1483 593 igitur
1507 554 1700 588 consolatio
1730 565 1850 591 contra
1876 561 2070 595 calumnias
2095 571 2167 597 tra-

1177 601 1249 634 dita
1276 608 1346 642 est,
1375 603 1558 643 videlicet,
1586 605 1670 638 falsa
1700 607 1903 650 maledicta,
1936 612 2074 646 etiamsi
2100 615 2165 647 ali-

1178 652 1383 696 quantisper
1406 654 1583 694 sauciant,
1617 662 1733 689 tamen
1760 664 1876 700 postea
1903 663 2010 706 retegi
2037 671 2069 698 et
2098 665 2166 697 im—

1178 704 1338 746 probari,
1371 704 1461 737 sicut
1482 704 1627 738 dicitur:
1668 706 1803 741 Veritas
1829 709 2038 754 aliquandiu
2067 715 2165 748 labo-

1151 739 1254 801 {rare
1280 761 1408 797 potest,
1445 755 1554 787 deleri
1588 767 1660 789 non
1695 765 1817 801 potest.
1879 760 2039 796 Psalmus
2065 766 2165 800 addit

1151 802 1154 834 ἑ
1176 804 1372 838 dulciorem
1396 805 1695 840 consolationem:
1728 808 1941 846 Maledicent
1965 813 2035 853 illi,
2069 823 2102 850 et
2125 823 2163 850 tu

1151 867 1153 891 2
1178 855 1372 890 benedices.
1425 853 1470 888 Et
1493 855 1605 889 David
1634 859 1676 890 de
1698 860 1867 892 conviciis
1885 861 2000 896 Semei
2028 864 2163 909 inquit:

1150 922 1151 945 ᾗ
1176 904 1269 939 Deus
1291 906 1389 939 dabit
1409 904 1495 938 mihi
1521 907 1656 952 aliquid
1678 908 1762 941 boni
1789 922 1851 954 pro
1878 909 1931 945 his
1957 915 2164 952 maledictis.

1149 946 1152 1016 ί
1276 955 1349 989 Has
1373 957 1633 991 consolationes
1654 966 1851 1001 teneamus,
1879 964 1938 995 sed
1965 964 2010 998 ita
2032 971 2162 1007 tamen,

1149 1028 1150 1039 2
1175 1013 1215 1039 ut
1242 1007 1478 1040 conscientiae
1501 1015 1640 1042 nostrae
1665 1010 1900 1054 integritatem
1935 1015 2162 1057 retineamus,

1173 1057 1261 1090 sicut
1283 1070 1383 1101 saepe
1402 1059 1633 1102 praecipitur:
1663 1059 1758 1094 Haec
1777 1070 1825 1096 est
1844 1064 2007 1106 gloriatio
2032 1074 2162 1109 nostra,

1148 1116 1149 1143 ξ
1173 1108 1414 1142 testimonium
1439 1110 1673 1144 conscientiae
1700 1119 1850 1147 nostrae.
1913 1114 1958 1149 Et
1981 1118 2022 1150 ad
2052 1116 2161 1151 Gala-

1146 1157 1149 1207 ζ
1174 1165 1240 1192 tas:
1277 1157 1380 1204 Opus
1407 1171 1507 1193 suum
1530 1163 1772 1208 unusquisque
1797 1165 1940 1208 probet,
1968 1174 1999 1201 et
2027 1168 2075 1201 sic
2099 1167 2163 1201 ha-

1174 1209 1267 1242 bebit
1285 1211 1433 1252 gloriam
1452 1212 1545 1254 apud
1569 1223 1661 1253 sese,
1687 1220 1720 1246 et
1739 1226 1812 1247 non
1838 1227 1880 1248 ex
1904 1217 2001 1258 aliis,
2029 1219 2062 1250 id
2093 1226 2159 1252 est:

1171 1259 1278 1294 Recte
1295 1261 1411 1299 facito,
1429 1273 1472 1294 ne
1491 1268 1523 1295 te
1544 1264 1756 1297 conscientia
1776 1272 1833 1299 tua
1852 1267 2007 1307 damnet,
2028 1276 2058 1302 et
2078 1281 2157 1303 cum

1172 1322 1242 1343 non
1264 1319 1314 1345 est
1330 1311 1445 1345 saucia
1465 1314 1698 1354 conscientia,
1728 1313 1834 1349 habes
1853 1317 2014 1360 gloriam,
2038 1331 2159 1354 causae

1171 1361 1349 1402 videlicet,
1376 1373 1447 1394 non
1472 1364 1683 1406 pendentem
1703 1376 1742 1397 ex
1760 1366 1867 1399 stulto
1884 1368 2054 1411 applausu
2071 1371 2159 1403 alio-

1170 1423 1270 1452 rum,
1297 1413 1354 1444 sed
1378 1413 1502 1452 talem,
1538 1426 1626 1458 quae
1659 1422 1708 1449 est
1735 1428 1814 1449 vera
1839 1419 2074 1453 conscientiae
2096 1433 2158 1465 ap-

1170 1463 1348 1504 probatio,
1375 1463 1461 1497 etin
1480 1466 1643 1499 credente
1665 1473 1714 1499 est
1738 1479 1827 1511 opus
1845 1470 2098 1512 necessarium,
2125 1479 2159 1506 et

1169 1511 1243 1546 Deo
1262 1513 1412 1557 placens-

1271 1563 1365 1598 Haec
1389 1572 1569 1609 praecepta
1594 1574 1626 1600 et
1652 1565 1713 1600 bas
1731 1570 1991 1605 consolationes
2008 1572 2158 1606 sciamus

1169 1615 1271 1647 nobis
1287 1615 1458 1649 divinitus
1485 1617 1579 1656 dari,
1609 1619 1690 1662 quia
1715 1619 1892 1654 calumnia
1913 1634 1984 1655 non
2004 1630 2054 1657 est
2071 1624 2157 1656 levis

1168 1666 1388 1703 carnificina,
1415 1667 1548 1699 etiamsi
1566 1669 1708 1701 tandem
1731 1669 1868 1702 Veritas
1887 1673 2055 1713 patefacta
2082 1685 2157 1707 eam

1169 1716 1307 1749 refutat.
1336 1714 1401 1755 Ut,
1419 1727 1498 1748 cnm
1519 1714 1679 1749 Socrates
1697 1717 1901 1753 interfectus
1920 1729 2021 1762 esset,
2039 1729 2157 1765 postea

1169 1771 1424 1808 repraesentata
1449 1772 1497 1797 est
1521 1768 1696 1808 tragoedia
1726 1769 1768 1800 de
1788 1768 1998 1813 Palamede,
2026 1773 2062 1805 in
2089 1786 2157 1818 qua

1169 1816 1331 1849 recitatus
1349 1823 1397 1849 est
1423 1814 1479 1848 hic
1497 1828 1633 1851 versus:
1663 1817 1810 1853 ἐκάνετε
1828 1817 1974 1856 ἐκάνετε
1993 1821 2058 1857 τὸν
2075 1824 2154 1869 ἄρι-

1168 1877 1256 1900 στον
1274 1864 1454 1910 ἓλλήνων,
1478 1864 1621 1910 Διιηὸἔιά
1638 1865 1845 1912 βλάψασαν
1865 1869 2018 1916 ἀηδόνα.
2073 1874 2155 1908 Post

1168 1915 1258 1949 hanc
1276 1917 1489 1960 tragoediam
1509 1918 1599 1951 cives
1625 1921 1835 1964 expulerunt
1862 1935 1901 1955 ex
1919 1921 2072 1957 Athenis
2098 1938 2154 1958 ac-

1167 1974 1343 2001 cusatores
1359 1966 1524 2001 Socratis.

1267 2033 1370 2066 Nunc
1387 2040 1585 2078 sequuntur
1603 2033 1669 2065 alia
1691 2034 1801 2075 dicta,
1826 2050 1914 2083 quae
1931 2041 1972 2072 ad
1995 2038 2059 2075 hoc
2073 2054 2154 2085 pro-

1168 2085 1319 2127 positum
1343 2083 1536 2127 pertinent,
1571 2091 1602 2116 et
1620 2094 1765 2120 monent
1787 2089 1964 2131 sapienter
1993 2091 2154 2126 indican-

1167 2136 1250 2167 dum
1268 2145 1356 2174 esse,
1376 2136 1518 2179 quando
1536 2135 1719 2169 refutanda
1734 2138 1778 2172 sit
1797 2139 1989 2182 calumnia,
2007 2145 2151 2187 qnando

1168 2198 1237 2218 non
1258 2185 1301 2218 sit
1321 2186 1518 2219 refutanda.

1214 2249 1272 2286 Ne
1291 2249 1510 2296 respondeas
1527 2250 1640 2284 stullo
1665 2249 1706 2285 de
1721 2251 1885 2287 stulticia
1909 2254 2005 2296 eius,
2034 2269 2075 2291 ne
2100 2257 2151 2292 si-

1269 2302 1370 2335 milis
1390 2300 1552 2347 eiusfias
1569 2306 1629 2336 etc.

1268 2369 1367 2403 Duae
1393 2376 1588 2413 pugnantes
1612 2369 1805 2402 sententiae
1827 2371 2033 2411 recitantur,
2063 2385 2151 2418 quae

1167 2421 1244 2453 ideo
1268 2421 1499 2457 dissentiunt,
1537 2420 1618 2464 quia
1644 2420 1835 2465 aliquando
1863 2423 2044 2455 refutanda
2071 2431 2153 2460 sunt

1139 2477 1142 2492 ³
1168 2472 1371 2509 maledicta,
1407 2472 1599 2515 aliquando
1631 2483 1701 2502 non
1736 2483 1871 2504 necesse
1902 2479 1951 2505 est
1985 2474 2151 2515 refutare,

1140 2530 1142 2545 ¹
1167 2524 1224 2555 sed
1251 2524 1442 2567 prudenter
1468 2522 1696 2555 iudicandum
1715 2529 1783 2561 est,
1811 2529 1928 2554 utrum
1952 2523 2151 2558 faciendum

1140 2587 1142 2600 ι
1167 2574 1222 2607 sit.
1286 2573 1414 2606 Facilis
1447 2580 1563 2606 autem
1592 2571 1796 2605 diiudicatio
1821 2579 1868 2605 est
1893 2576 2091 2616 pastoribus
2117 2576 2152 2608 in

1166 2624 1308 2668 publico
1333 2635 1480 2656 munere
1505 2623 1741 2655 docentibus·
1790 2620 1836 2654 Hi
1860 2634 1998 2667 semper
2022 2623 2153 2660 hahent

1141 2674 1142 2677 ’
1167 2676 1344 2710 auditores
1360 2674 1562 2713 dissimiles,
1578 2673 1673 2716 pios,
1698 2671 1816 2705 firmos
1838 2680 1870 2706 et
1895 2674 2062 2716 infirmos,
2090 2678 2153 2709 do-

1140 2702 1143 2718 *
1653 2720 1675 2755 5
