2409 2915
240 73 262 105 7
831 61 955 95 PHlL.
984 59 1096 95 MEL.
1126 57 1334 94 SCRIPTA
1364 53 1661 90 EXEGETlCA.
2232 60 2254 94 8

339 149 535 188 Restitutio
551 150 743 196 opponitur
757 147 954 195 hypocrisi,
981 160 1019 180 ae
1042 146 1070 180 si
1089 146 1223 180 dicere-
1273 148 1322 176 tet
1348 152 1420 174 esso
1445 139 1682 174 ministerium
1707 139 1876 181 docendi,
1903 147 1935 174 et
1960 151 2098 176 necesse
2119 150 2169 178 est
2186 145 2256 177 mi-

243 215 299 241 tur
317 205 508 239 sinceritas.
1274 191 1458 226 nisterium
1476 190 1609 224 audire.
1652 190 1704 223 Ac
1719 190 1854 234 primus
1869 192 1996 235 gradus
2011 199 2059 226 est
2075 193 2113 226 in
2128 195 2255 230 ordine

341 250 620 299 Circumspeclio
639 249 831 295 opponitur
847 248 1053 289 stoliditati,
1069 258 1158 293 quae
1174 253 1224 281 te-
1274 252 1503 288 personarum
1516 267 1526 282 ,
1543 240 1670 284 gradus
1686 247 1890 285 parentum,
1906 248 1939 276 et
1957 239 2085 275 horum
2099 245 2255 280 officium

248 319 342 341 mere
361 307 431 340 ruit
447 305 522 338 sine
538 301 805 335 deliberatione.
1276 294 1429 339 primum
1448 297 1510 332 est,
1530 297 1621 324 recte
1636 291 1773 324 tradere
1790 292 1881 326 natis
1898 293 2098 327 doctrinam
2115 293 2255 336 deDeo,

344 353 506 389 scientia
523 352 694 396 significat
712 351 897 385 delectum.
1277 345 1366 378 sicut
1391 349 1424 376 et
1440 343 1483 375 ad
1500 339 1675 386 Ephesios
1699 342 1869 386 scriptum
1886 349 1953 377 est:
1981 342 2139 378 Educate
2155 353 2257 381 natos

343 402 599 440 Consideratio
634 402 725 436 idem
758 408 826 441 est,
874 400 969 445 quod
1007 397 1226 437 deliberatio,
1278 396 1315 428 in
1339 393 1499 428 doctrina
1534 401 1566 426 et
1595 392 1783 436 disciplina
1814 391 1973 429 Domini.
2033 393 2260 439 Adiungatur

244 458 327 503 quid
353 455 539 490 conveniat
562 466 625 499 pro
655 452 857 486 diversitate
881 451 1057 490 locorum,
1092 456 1226 492 tempo·
1279 453 1394 480 autem
1420 441 1486 477 hoc
1505 444 1637 477 dictum
1657 443 1783 487 priori:
1811 442 1907 477 Audi
1934 444 2171 479 eruditionem
2197 458 2258 490 pa-

244 520 320 542 rum
339 514 370 541 et
387 516 626 551 personarum.
1279 497 1342 531 tris
1359 495 1430 536 tui,
1444 494 1593 535 scilicet,
1610 494 1768 527 docentis
1784 495 1827 528 de
1843 494 1969 528 timore
1986 493 2153 535 Domini,
2168 494 2258 530 hanc

521 586 526 592 ι
774 582 779 589 ,
1281 548 1390 592 ipsam
1424 545 1620 579 doctrinam
1661 556 1765 590 quam
1807 552 1908 579 sonat
1946 543 2103 579 Ecclesia
2141 545 2260 588 lsrael,

294 586 424 622 Afldissl
441 597 587 633 salmas
605 588 635 617 ει
650 580 812 629 Pr⁰fi0¹²⁶
825 609 834 623 ²
868 586 928 617 ειε-
1281 609 1386 643 quam
1405 596 1618 636 nominavit,
1646 593 1736 629 hanc
1752 595 1857 630 etiam
1875 596 2022 630 nomino
2047 593 2159 642 Iegem
2177 601 2261 630 tuae

348 651 588 698 propositioni
624 649 723 683 addit
754 647 1051 687 admonitionem,
1089 645 1227 691 qualem
1282 647 1432 687 matris,
1458 646 1590 680 scilicet
1616 645 1808 687 Ecclesiae,
1844 647 2010 680 traditam
2034 659 2054 681 a
2082 648 2159 682 Deo
2184 659 2259 681 cer-

248 711 404 750 oporteat
429 703 626 736 auditorem
649 711 733 734 esse.
787 698 935 742 Sapiens
958 698 1099 731 auditor
1124 696 1229 740 profi·
1283 701 1328 733 tis
1356 706 1390 732 et
1414 697 1609 731 illustribus
1635 697 1846 731 testimoniis
1869 697 1907 730 in
1934 696 2051 733 Israel.
2105 697 2156 732 lta
2173 699 2261 732 scia-

248 758 334 796 eiet,
373 754 461 787 sicut
493 752 670 786 Dominus
704 749 838 795 inquit:
886 748 1043 782 Habenti
1077 747 1228 781 dabitur.
1282 762 1359 783 mus
1383 760 1446 782 nos
1468 748 1511 781 ad
1530 754 1661 781 certum
1679 759 1787 792 genus
1802 748 1983 782 doctrinae
1996 748 2153 793 alligari,
2181 761 2260 782 cum

249 806 353 841 Item:
391 803 496 838 Dabit
522 802 696 848 Spiritum
720 807 879 834 sanctum
909 799 1125 844 petentibuS,
1157 809 1229 830 non
1283 801 1345 834 ait:
1380 799 1509 842 Legem
1531 799 1657 839 ,matris
1686 805 1765 832 tuae
1796 811 1840 832 ne
1868 799 2023 834 abiicias.
2082 799 2263 844 Significat

249 855 577 894 contemnentibus,
605 864 679 886 non
696 850 976 896 repugnantibus
993 848 1173 883 barbarica
1198 854 1231 881 et
1284 852 1376 884 enim
1395 848 1628 894 appellatione
1645 849 1776 882 matris
1792 848 1986 884 Ecclesiam
1997 850 2114 885 lsrael.
2141 849 2263 884 Mani-

250 907 426 954 cyclopica
445 905 588 939 ferocia.
640 902 716 936 Hos
733 908 967 935 contemtores
976 899 1062 941 Dei,
1089 906 1127 933 ut
1142 896 1230 943 Epi·
1283 902 1408 936 festum
1428 906 1477 933 est
1492 905 1618 938 autem,
1645 897 1711 934 hoc
1729 902 1933 935 mandatum
1954 912 2057 946 saepe
2074 901 2262 946 repetitum

250 970 373 992 eureos
390 963 423 990 et
439 956 589 996 similes,
615 954 664 987 ait
682 951 740 986 hic
756 964 829 985 non
844 951 1029 996 proficere,
1054 951 1114 983 sed
1131 949 1230 988 aliOS,
1288 963 1378 993 esse,
1405 958 1442 985 ut
1459 950 1602 984 unicum
1620 947 1687 983 hoc
1702 951 1882 985 doctrinae
1904 963 2014 995 genus
2037 953 2080 986 de
2095 951 2170 986 Deo
2189 964 2263 985 am-

251 1010 287 1042 in
306 1008 435 1054 quibus
459 1013 540 1040 sunt
567 1005 668 1038 initia
693 1003 829 1037 timoris
855 1002 940 1043 Dei,
967 1008 1000 1035 et
1023 1000 1084 1047 qui
1109 1007 1233 1045 petunt
1285 1003 1488 1047 plectamur,
1514 1001 1609 1045 quod
1625 998 1802 1034 Ecclesiae
1817 1003 1987 1037 traditum
2006 1010 2057 1038 est
2073 1004 2110 1037 in
2125 1003 2263 1047 scriptis

250 1071 285 1093 se
298 1059 369 1102 regi
385 1070 404 1091 a
421 1057 516 1098 Deo,
543 1057 632 1089 sicut
650 1054 795 1088 dIcitur:
825 1053 935 1087 Petite
952 1059 985 1086 et
1001 1051 1188 1096 accipietis.
1285 1050 1499 1098 propheticis
1525 1058 1557 1084 et
1579 1050 1790 1096 apostolicis.
1844 1051 1943 1087 Sicut
1964 1053 2080 1099 inquit
2102 1060 2264 1088 aeternus

1285 1111 1382 1148 pater
1409 1104 1452 1136 de
1475 1101 1584 1135 Filio:
1621 1101 1726 1135 Hunc
1757 1101 1875 1135 audite
1899 1108 1963 1136 etc.
2022 1102 2068 1139 Et
2089 1103 2266 1138 Dominus
2298 1144 2306 1147 μ

1286 1154 1417 1199 inquit:
1446 1152 1485 1187 Si
1507 1153 1587 1198 quis
1603 1153 1718 1196 diligit
1733 1164 1807 1192 me,
1833 1163 2030 1186 sermonem
2050 1165 2168 1187 meum
2191 1165 2265 1188 ser-

352 1203 505 1239 Orditur
527 1210 642 1237 autem
676 1207 859 1245 praecepta
893 1200 937 1233 ab
971 1211 1010 1233 80
1036 1200 1132 1244 quod
1162 1199 1234 1243 pri—
1285 1205 1398 1244 vabit‚
1425 1210 1457 1237 et
1476 1209 1573 1247 pater
1589 1215 1687 1236 meus
1703 1203 1825 1245 diliget
1844 1215 1936 1246 eum,
1964 1210 2028 1239 etc.
2084 1203 2132 1238 Ut
2149 1209 2267 1237 autem

251 1268 347 1290 mum
375 1262 440 1293 est,
467 1254 629 1287 videlicet
648 1264 666 1285 a
684 1252 811 1286 timore
830 1250 902 1283 veri
917 1248 994 1283 Dei.
1029 1249 1122 1293 Quia
1140 1249 1233 1283 enim
1286 1256 1337 1289 ibi
1351 1253 1528 1288 Dominus
1545 1253 1814 1297 promissionem
1829 1254 1990 1287 omnium
2006 1265 2180 1288 summam
2202 1255 2268 1287 ad-

251 1306 411 1340 nominat
423 1302 560 1339 Iehova
581 1305 618 1337 in
636 1303 768 1348 populo
785 1300 852 1335 Dei
869 1301 1096 1342 celebratum,
1124 1301 1235 1334 dedu-
1286 1306 1338 1339 dit
1355 1303 1436 1339 huic
1453 1311 1635 1348 praecepto
1651 1305 1693 1337 de
1707 1303 1907 1347 cognitione
1925 1310 1958 1338 et
1972 1304 2188 1348 professione
2202 1305 2267 1337 do-

252 1358 299 1391 cit
322 1369 386 1390 nos
411 1357 564 1401 primum
589 1355 633 1388 ad
656 1353 872 1397 agnitionem
896 1351 1075 1386 doctrinae
1094 1352 1137 1385 de
1153 1363 1233 1384 vero
1285 1356 1434 1393 etr-inae,
1453 1355 1499 1389 ita
1516 1352 1573 1388 hic
1583 1354 1753 1389 Salomon
1768 1355 1866 1388 addit
1881 1355 2162 1398 promissionem,
2179 1366 2269 1400 quae

252 1407 347 1448 Deo,
383 1415 414 1441 et
446 1407 523 1440 vult
553 1404 706 1439 discerni
737 1415 856 1436 veram
899 1402 1158 1436 issVOCssUOUem
1192 1403 1235 1436 ab
1286 1413 1326 1441 ut
1342 1407 1386 1441 sit
1403 1405 1586 1445 blandior,
1613 1402 1815 1449 metaphora
1840 1412 1953 1439 sumta
1970 1412 2053 1439 esta
2071 1406 2268 1450 puerilibus

252 1459 400 1493 aliarum
417 1458 574 1501 gentium
594 1455 758 1489 cultibus·
1285 1456 1512 1492 ornamentis.
1566 1452 1715 1490 Corona
1733 1456 1905 1500 significat
1921 1468 2067 1500 regnum
2092 1467 2152 1491 seu
2169 1467 2269 1501 prae-

356 1507 490 1543 Usitate
521 1514 636 1541 aulem
662 1505 788 1539 Timor
812 1503 878 1538 Dei
906 1503 1112 1536 DOminsstur
1143 1510 1236 1537 totus
1287 1509 1470 1548 stantiam,
1498 1514 1618 1552 estque
1635 1507 1824 1541 sententia:
1853 1505 1948 1540 Deus
1963 1507 2148 1541 collocabit
2165 1515 2198 1541 te
2214 1507 2269 1540 in-

254 1560 369 1593 cultus
393 1559 458 1593 Dei
485 1570 602 1596 verus,
631 1563 664 1590 et
684 1568 756 1589 non
782 1555 985 1593 simulatus,
1013 1566 1073 1587 ⁵8¹¹
1091 1555 1236 1587 univer·
1287 1567 1338 1593 ter
1351 1559 1520 1592 salutares
1538 1559 1809 1601 gubernatores,
1836 1565 1868 1591 et
1886 1556 2053 1602 provehet
2077 1565 2110 1592 et
2132 1558 2270 1592 iuvabit

253 1610 334 1643 salis
351 1610 569 1649 obedientia,
598 1608 691 1640 iuxta
704 1606 822 1639 omnia
838 1611 1033 1649 praecepta,
1060 1605 1151 1638 utin
1170 1603 1235 1638 hoc
1261 1622 1262 1628 ¹
1288 1610 1452 1649 consilia,
1481 1615 1519 1642 ut
1545 1609 1615 1642 sint
1636 1609 1820 1649 salutaria,
1848 1609 1914 1642 tibi
1938 1616 1972 1643 et
1989 1609 2138 1653 populo,
2163 1615 2203 1642 ut
2224 1609 2271 1642 sis

255 1661 363 1694 (Ῑῖίὶοῑ
398 1659 497 1691 Beati
523 1667 645 1690 0¹⁰⁰&
672 1655 734 1699 qni
757 1654 882 1686 limem
904 1653 1109 1684 Dominum.
1169 1654 1237 1687 Hic
1286 1671 1345 1692 vas
1366 1659 1627 1692 misericordiae
1653 1659 1719 1692 tibi
1751 1665 1785 1692 et
1816 1659 1966 1703 populo,
2001 1659 2089 1692 sicut
2113 1659 2272 1698 Samuel,

1262 2450 1264 2463 l

1262 2467 1264 2483 l

484 1138 678 1171 Primum
706 1140 998 1179 praeceptum.

256 1711 362 1744 timor
385 1706 631 1753 complectitur
652 1705 754 1738 initio
782 1702 1021 1747 cognitionem
1047 1713 1148 1735 verae
1172 1703 1232 1735 do-
1288 1705 1421 1745 David,
1439 1706 1620 1749 Iosaphat,
1638 1706 1826 1745 Ezechias,
1853 1717 1925 1738 non
1952 1706 1999 1738 sis
2022 1717 2082 1747 vas
2106 1707 2195 1745 irae,
2223 1709 2271 1741 si-

257 1761 412 1800 (ῑΐῖῐῑὸθ,
450 1759 578 1792 deinde
612 1756 796 1791 Umorem,
827 1754 887 1799 ‘1¹¹5
909 1764 1013 1786 sensu
1034 1753 1236 1797 percipitur,
1287 1764 1343 1790 cut
1361 1756 1465 1796 Saul,
1489 1755 1658 1789 Absalon.
1691 1751 1923 1788 ornamenta
1942 1753 2046 1793 colli,
2073 1756 2271 1800 significant

258 1819 291 1845 et
318 1812 420 1844 fidem
448 1821 537 1854 quae
560 1805 728 1841 discernit
752 1802 847 1837 hunc
871 1804 1052 1842 timorem,
1081 1815 1159 1836 cuin
1186 1810 1236 1836 cst
1287 1807 1543 1851 eloquentiam,
1580 1803 1646 1839 hoc
1667 1813 1736 1845 est,
1763 1806 1949 1839 salutarem
1984 1807 2202 1846 doctrinam,
2237 1815 2272 1843 et

1286 1857 1453 1890 salutaria
1470 1856 1628 1891 consilia.
1680 1855 1746 1889 llis
1768 1856 1970 1899 ingentibus
1995 1858 2099 1892 donis
2120 1865 2153 1893 te
2174 1857 2270 1894 Deus

1285 1908 1444 1947 ornabit,
1471 1907 1499 1941 si
1518 1907 1624 1950 legem
1643 1907 1764 1940 matris
1782 1915 1861 1941 tuae
1879 1908 2012 1942 audies.

258 1875 337 1896 vera
357 1860 531 1895 invocatio
551 1858 755 1895 coniuncta,
782 1866 800 1887 a
817 1855 940 1888 timore
958 1853 1076 1887 servili
1094 1864 1155 1886 sen
1171 1853 1236 1885 im-

258 1913 334 1957 pio,
363 1912 424 1957 qui
449 1918 498 1944 est
533 1910 648 1953 fugere
683 1914 715 1940 et
748 1905 894 1938 fremere
916 1905 1083 1937 adversus
1110 1903 1235 1937 Deum.

256 1962 510 2007 Complectitur
535 1961 615 1994 item
637 1958 673 1990 in
692 1968 771 1990 vera
789 1956 966 1999 agnitione
985 1953 1049 1988 Dei
1064 1982 1072 1993 ,
1100 1954 1135 1987 in
1155 1967 1236 1988 vero

258 2015 384 2048 timore
409 2020 441 2046 et
461 2013 546 2050 sule,
575 2008 852 2047 invocationem,
878 2018 966 2051 quae
983 2005 1067 2050 petit
1091 2012 1123 2039 et
1147 2006 1236 2039 acci-

259 2066 306 2109 pit
324 2062 645 2097 reconciliationem
659 2087 666 2100 ,
694 2066 726 2092 et
743 2058 829 2103 petit
846 2065 877 2091 et
894 2059 1048 2101 eitpectat
1066 2056 1235 2090 auxilium

258 2117 293 2149 in
311 2122 379 2149 tota
398 2113 651 2159 gubernatione
670 2111 772 2143 vitae.
825 2108 896 2142 Nec
912 2109 954 2141 (le
970 2107 1072 2140 initio
1090 2114 1238 2147 tautum,

258 2168 291 2199 id
311 2174 358 2200 est
372 2193 380 2205 ‚
407 2167 449 2197 «le
467 2163 664 2197 incoatione
685 2160 902 2203 intelligatur
919 2157 984 2192 hoc
1003 2159 1152 2199 dictum,
1179 2160 1235 2192 sed

255 2219 298 2251 de
316 2229 471 2255 summa,
501 2214 598 2260 quasi
617 2213 723 2246 dicat:
752 2210 878 2244 Timor
895 2209 1039 2243 Domini
1069 2216 1117 2242 cst
1142 2221 1237 2242 suin-

256 2281 310 2301 ma
328 2267 535 2311 sapientiae,
562 2265 761 2306 gubernans
779 2262 897 2295 omnia
915 2260 1061 2295 consilia
1082 2260 1116 2292 iu
1134 2261 1237 2294 rebus

254 2319 416 2353 secundis
433 2324 463 2350 et
480 2315 644 2349 adversis.

1339 1986 1422 2023 Fili
1436 1989 1504 2030 mi,
1531 1988 1566 2022 si
1583 1987 1799 2023 lactaverint
1823 1993 1854 2023 le
1867 1993 2088 2036 peccatores,
2110 2001 2153 2024 ne
2171 1989 2271 2025 obse-

1389 2040 1532 2088 ‘lituris-

1390 2105 1600 2141 Admonitio
1618 2114 1668 2140 est
1684 2113 1805 2140 contra
1826 2106 2025 2147 illecebras,
2052 2119 2142 2152 quae
2159 2109 2272 2152 pluri-

1287 2171 1362 2192 mos
1376 2156 1584 2191 abstrahunt
1600 2170 1617 2191 a
1636 2157 1729 2197 Deo.
1757 2158 1906 2199 scilicet,
1929 2164 2051 2191 contra
2070 2158 2272 2194 multitudi-

1288 2222 1367 2243 nem
1386 2209 1575 2254 impiorum
1588 2235 1597 2251 ,
1625 2216 1657 2243 et
1674 2215 1795 2242 contra
1812 2220 1866 2242 res
1882 2210 2053 2243 secundas
2070 2209 2273 2254 impiorum.

1340 2290 1501 2327 Frustra
1518 2291 1698 2340 panditur
1717 2297 1803 2326 recle.
1822 2304 1942 2327 coram
1964 2290 2111 2326 volucri.

401 2399 405 2404 .
487 2398 492 2405 .
624 2396 629 2402 .
655 2395 660 2402 .
887 2394 892 2400 .
993 2394 998 2400 .
1215 2393 1220 2400 .
1394 2359 1431 2394 ld
1450 2368 1515 2401 est,
1543 2361 1676 2395 etiamsi
1704 2367 1827 2405 putant
1851 2372 1886 2393 se
1908 2360 2016 2393 latere
2035 2359 2157 2405 impii,
2183 2361 2273 2396 sicut

307 2398 402 2433 ,luda
423 2397 489 2442 fila
525 2394 760 2431 nudationem
788 2400 908 2442 patras
943 2399 1015 2433 lm,
1050 2398 1080 2426 e!
1106 2399 1237 2427 'matris

355 2455 366 2482 Ι
462 2449 476 2482 Ι
646 2445 686 2480 d,
733 2447 767 2479 ,n
1289 2423 1440 2456 aucupes
1455 2424 1491 2445 sc
1507 2413 1745 2446 abscondunt:
1774 2418 1891 2445 tamen
1914 2423 1987 2444 non
2006 2411 2125 2445 latent.
2178 2412 2273 2456 Quia

371 2462 436 2482 1101·>
478 2460 572 2494 egem
589 2459 630 2481 nc
672 2460 735 2480 lm!
770 2459 825 2481 (15.

1289 2464 1399 2496 cernit
1417 2461 1511 2496 Deus
1527 2463 1645 2497 omnia
1665 2461 1801 2495 vindex.
1858 2461 1948 2497 l‘sat.
1968 2460 2044 2496 57.:
2075 2461 2206 2508 Utique
2222 2470 2273 2498 est

355 2516 455 2549 l‘rius
473 2517 558 2549 dixit
584 2517 626 2548 «le
651 2526 784 2547 summa
812 2513 991 2546 doctrinae
1008 2519 1040 2546 et
1060 2513 1236 2546 cultuum:
1262 2514 1263 2522 ¹
1291 2514 1406 2552 Dens,
1437 2511 1769 2548 iudicaushomiues
1788 2513 1823 2546 in
1842 2519 1943 2547 terra.
1997 2512 2088 2549 Psal.
2105 2513 2184 2550 61.:
2212 2513 2270 2547 Tu

257 2567 400 2600 Initium
419 2566 606 2609 sapio-ntiae
632 2566 741 2599 timor
758 2564 901 2597 Domini
916 2591 923 2602 ,
951 2576 1045 2596 nuuc
1065 2571 1234 2598 monstrat
1289 2565 1404 2598 reddis
1420 2565 1610 2609 unicuique
1631 2564 1724 2597 iuxta
1746 2577 1849 2608 opera
1872 2576 1944 2598 sna.
2001 2563 2173 2599 Hortatur
2187 2576 2270 2608 ergo

254 2629 418 2662 personas
439 2618 610 2652 ‹lucente-s.
628 2624 658 2649 ct
677 2616 770 2650 iubet
791 2613 852 2648 has
868 2615 1004 2651 audiri,
1024 2615 1105 2658 quia
1127 2627 1232 2659 opor·
1261 2624 1263 2628 '
1287 2616 1475 2656 Salomon,
1506 2628 1550 2651 ne
1579 2616 1745 2659 exemplis
1770 2615 2008 2650 multitudinis
2031 2623 2061 2650 et
2089 2616 2192 2650 rebus
2208 2616 2270 2659 {se-
