2409 2915
283 83 357 121 4⁷1

289 169 348 204 sed
373 166 547 202 addebant
568 163 697 198 multas
718 159 893 196 humanas
914 161 1140 201 traditiones,
1165 158 1267 193 fasci-

289 220 361 254 nati
387 217 450 251 hac
471 216 658 261 opinione,
682 213 904 258 disciplinam
926 219 1104 246 externam
1124 222 1196 245 esse
1214 210 1270 243 iu-

290 270 423 303 sticiam
442 279 558 301 coram
577 265 673 305 Deo,
701 271 734 298 et
750 263 877 298 mereri
892 263 1133 297 remissionem
1150 271 1271 305 pecca-

290 327 418 353 torum.
459 317 616 351 Tantum
634 315 742 358 igitur
757 315 865 359 legem
883 314 1054 348 docebant
1070 314 1113 346 de
1129 319 1270 346 externa

290 368 497 413 disciplina,
521 379 586 400 nec
607 372 734 400 norant
751 365 946 399 doctrinam
965 366 1007 397 de
1023 365 1107 404 fide,
1132 364 1176 396 de
1193 373 1271 406 pas-

289 421 388 454 sione
416 418 585 456 Messiae‚
625 417 669 450 de
697 416 901 449 remissione
930 421 1173 459 peccatorum,
1211 412 1272 445 sed

290 471 468 514 fingebant
480 468 646 502 Messiam
662 472 935 511 propagaturum
953 476 1025 498 esse
1044 464 1153 508 legem
1163 461 1274 496 Moisi

290 522 329 554 in
347 527 459 554 totum
478 519 662 558 mundum,
689 524 720 551 et
737 523 988 561 occupaturum
1006 515 1163 558 imperia.
1215 512 1274 546 Sic

292 571 464 606 sentiebat
488 569 636 601 maxima
661 579 782 600 eorum
808 567 1018 607 multitudo,
1046 567 1104 599 sed
1124 575 1274 598 consen-

291 629 433 656 taneum
460 626 509 652 est
533 620 625 652 inter
647 615 712 651 hos
733 617 838 651 fuisse
856 617 994 662 aliquos
1010 617 1186 656 saniores,
1213 614 1274 659 qui

292 670 542 717 quaesiverunt
557 668 753 702 doctrinam
771 669 814 701 de
832 667 981 706 Messia‚
1007 664 1275 700 commonefacti

291 734 311 756 a
332 721 424 754 veris
446 719 606 764 reliquiis
627 717 821 760 Ecclesiae,
848 730 867 752 a
884 718 1069 759 Simeone,
1096 713 1276 756 Zacharia,

292 770 449 806 Iohanne
465 768 622 815 Baptista
634 794 645 810 ‚
670 776 704 804 et
718 770 809 804 aliis.

394 837 515 872 Tertia
544 843 635 871 secta
665 837 733 871 fuit
765 835 905 877 Essaei,
939 835 976 869 id
1007 841 1077 873 est,
1112 832 1276 877 operarii,

291 890 354 936 qui
377 889 603 923 conferebant
625 899 680 920 res
703 898 782 919 suas
805 887 841 919 in
864 897 1069 925 commune,
1102 891 1135 918 et
1157 884 1275 918 stude-

291 942 379 975 bant
394 940 534 972 vincere
550 944 700 971 caeteros
715 936 856 970 ieiuniis
871 943 904 969 et
920 935 1162 979 eleemosynis.
1206 933 1276 967 Sed

292 989 379 1024 haec
402 995 491 1023 secta
516 988 582 1022 fuit
604 987 744 1029 exigua,
777 993 811 1020 et
837 984 962 1020 habuit
987 996 1123 1018 errores
1145 984 1278 1017 similes

291 1039 514 1086 pharisaicis,
540 1039 584 1071 de
605 1037 743 1071 iusticia
765 1048 912 1082 operum
936 1043 970 1070 et
985 1037 1028 1070 de
1044 1046 1153 1079 regno
1171 1046 1277 1068 mun-

292 1094 386 1127 dano
403 1089 564 1124 Messiae.

396 1149 608 1194 Quanquam
625 1154 740 1182 autem
756 1158 882 1189 magna
899 1145 1091 1180 multitudo
1107 1152 1181 1180 erat
1195 1157 1278 1190 pro-

292 1198 428 1247 phana,
455 1206 488 1233 et
503 1209 629 1245 magna
644 1205 717 1232 erat
734 1198 941 1241 opinionum
959 1197 1136 1238 confusio,
1162 1203 1195 1230 et
1204 1195 1279 1229 He-

293 1253 397 1286 rodes
420 1250 643 1293 grassabatur
666 1249 832 1283 caedibus
855 1248 1021 1286 assiduis,
1047 1254 1080 1282 et
1098 1247 1279 1292 pontifices

295 1309 394 1336 erant
417 1300 542 1341 ἄθεοι,
569 1307 686 1334 tamen
707 1298 804 1333 Deus
827 1299 977 1332 servavit
993 1296 1169 1331 Ecclesiae
1193 1297 1279 1330 reli-

295 1353 413 1398 quias,
455 1349 679 1389 Zachariam,
721 1349 941 1386 Simeonem,
984 1345 1129 1391 loseph,
1162 1346 1279 1380 Elisa-

294 1401 399 1442 beth,
427 1402 588 1440 Annam,
615 1399 788 1438 Mariam,
816 1406 848 1432 et
867 1399 996 1431 multos
1014 1398 1110 1430 tales.
1161 1395 1208 1429 Hi
1229 1403 1280 1430 te-

295 1452 500 1488 stimonium
526 1452 658 1484 dabant
682 1460 784 1482 verae
807 1449 1006 1488 doctrinae,
1032 1454 1065 1481 et
1089 1445 1279 1491 reprehen-

296 1505 427 1538 debant
449 1502 608 1545 publicos
625 1510 772 1534 erroreS.
825 1498 895 1532 Sed
913 1505 1030 1542 postea
1048 1498 1215 1531 excitatus
1231 1504 1281 1531 est

295 1551 490 1592 lohannes,
525 1552 585 1596 qui
615 1551 763 1584 clariore
794 1546 1070 1591 reprehensione
1098 1548 1282 1581 damnavit

296 1614 450 1643 errores,
477 1609 510 1636 et
531 1601 688 1635 mirabili
712 1611 817 1644 opere
832 1597 898 1633 Dei
916 1599 1054 1643 collegit
1070 1610 1197 1632 novam
1213 1597 1282 1631 Ec-

295 1654 449 1690 clesiam.

401 1710 453 1745 Ita
493 1710 610 1744 Deum
650 1709 801 1743 subinde
838 1707 1041 1753 repurgavit
1078 1705 1282 1741 Ecclesiam.

296 1762 386 1798 Cum
404 1762 441 1795 in
462 1760 569 1795 Israe'l
586 1761 678 1794 idola
698 1761 916 1800 colerentur,
943 1758 1080 1792 excitati
1096 1764 1177 1791 sunt
1194 1756 1282 1790 Pro-

298 1812 440 1859 phetae,
468 1819 506 1846 ut
524 1812 628 1845 falsos
646 1811 759 1844 cultus
776 1811 1004 1850 damnarent,
1032 1815 1065 1842 et
1082 1820 1200 1842 veram
1218 1809 1283 1841 do-

297 1865 446 1898 ctrinam
472 1869 720 1907 propagarent:
748 1859 875 1894 horum
902 1860 1081 1893 auditores
1099 1866 1195 1891 erant
1214 1856 1283 1891 Ec-

300 1914 414 1948 clesia.
473 1911 587 1955 Reges
612 1911 732 1955 impii,
765 1917 798 1944 et
821 1910 1012 1943 multitudo
1035 1909 1152 1942 dedita
1178 1909 1283 1941 idolis

300 1976 373 1999 non
398 1969 471 1997 erat
488 1961 661 1999 Ecclesia,
688 1967 721 1994 et
744 1961 831 1993 mira
851 1960 919 1993 Dei
943 1960 1101 1993 bonitate
1117 1959 1283 1992 contiuua

301 2014 472 2049 successio
503 2012 570 2046 fuit
594 2009 864 2056 Prophetarum.
919 2008 1015 2044 Elias
1040 2009 1190 2054 praefuit
1213 2009 1283 2042 cir-

301 2066 389 2100 citer
413 2063 539 2108 viginti
567 2073 699 2103 annoS,
734 2059 828 2095 hunc
853 2074 932 2095 mox
956 2068 1092 2094 secutus
1114 2058 1285 2099 Elisaeus,

301 2114 453 2162 praefuit
476 2113 614 2147 circiter
630 2125 742 2146 annos
761 2113 988 2157 septuaginta.
1042 2110 1146 2144 Hunc
1166 2111 1285 2143 videre
1310 2115 1311 2139 ἒ

302 2166 418 2213 potuit
445 2162 568 2199 Esaias
603 2164 822 2201 adolescens,
863 2163 922 2208 qui
963 2162 1112 2205 praefuit
1147 2153 1313 2249 circiter}

303 2216 480 2260 octoginta
503 2225 635 2258 annos,
663 2211 758 2247 hunc
774 2225 891 2247 senem
910 2213 997 2246 vidit
1016 2211 1196 2249 ieremias,
1224 2212 1285 2257 qni

303 2266 456 2313 praefuit
487 2277 598 2299 annos
627 2264 870 2310 quadraginta.
926 2263 1073 2297 Secutus
1097 2270 1146 2296 cst
1169 2263 1285 2296 statim
1311 2279 1313 2292 ι

304 2317 452 2357 Daniel,
484 2317 542 2360 qui
577 2327 688 2349 anuos
715 2315 932 2359 septuaginta
959 2314 1122 2358 praefuit:
1159 2314 1286 2346 deiude

306 2371 451 2402 fuerunt
478 2364 685 2405 Zacharias,
727 2364 939 2405 Malachias,
981 2362 1127 2402 Esdras,
1171 2361 1286 2397 Nobe-

305 2420 413 2458 mias,
440 2429 549 2463 usque
565 2418 606 2450 ad
625 2417 815 2449 Alexandri
828 2415 950 2457 Magni
969 2422 1143 2459 tempora:
1171 2422 1286 2457 postea

307 2471 352 2503 ab
382 2466 560 2503 Antiocho
592 2465 777 2512 Epiphane
811 2467 953 2511 plurimi
985 2477 1083 2499 senes
1115 2466 1284 2499 interlecti
1312 2479 1313 2483 ¹

308 2527 406 2554 sunt:
435 2521 492 2553 sed
511 2526 626 2553 tamen
644 2517 809 2563 reliquias
827 2518 961 2563 aliquas
977 2515 1071 2551 Deus
1087 2516 1250 2549 servavit.
1311 2511 1314 2571 fl

411 2587 648 2629 Agnoscamus
669 2597 750 2626 ergo
774 2584 964 2618 bonitatem
990 2582 1072 2624 Dei,
1105 2590 1136 2617 et
1160 2583 1287 2625 gratias
1311 2575 1313 2593 ¹

310 2649 469 2682 agamus,
497 2639 590 2682 quod
616 2637 766 2671 subinde
790 2636 951 2670 excitavit
974 2636 1151 2672 doctores,
1179 2641 1211 2668 et
1226 2647 1285 2668 ex-
1309 2630 1314 2672 Ι

869 72 996 111 PHIL.
1021 69 1139 110 MEL.
1163 67 1372 109 SCRIPTA
1397 65 1696 105 ExEGETch.

1310 2258 1312 2266 ,
1337 2239 1404 2262 SOS.

2219 68 2297 105 4⁷2

1317 153 1435 190 hibuit
1459 153 1659 189 testimonia
1682 150 1874 187 doctrinae.
1928 149 1987 185 Sic
2008 155 2087 197 post
2109 147 2300 195 Apostolos

1318 206 1467 240 subinde
1491 205 1628 239 excitati
1651 210 1733 238 sunt
1755 202 1868 247 aliqui
1885 201 1932 246 pii
1949 202 2129 241 doctores,
2156 202 2215 246 qui
2231 214 2299 246 pu-

1319 257 1430 290 blicos
1453 267 1588 289 errores
1607 260 1832 295 taxaverunt,
1859 259 1898 286 ut
1914 249 2120 285 Methodius
2136 252 2300 287 refutavit

1320 305 1489 350 Origenis
1504 317 1656 346 errores,
1682 301 1864 338 Malchion
1876 302 2162 341 Samosatenum,
2188 298 2301 336 Atha-

1321 358 1441 392 nasius
1462 356 1610 396 Arium,
1646 353 1864 398 Augustinus
1888 350 2119 387 Manichaeos
2144 357 2178 385 et
2199 349 2301 385 Pela·

1321 409 1436 453 gium:
1468 414 1502 441 et
1525 419 1543 440 a
1567 406 1686 439 multis
1710 416 1844 438 errores
1867 403 1982 448 Papae
2007 402 2112 437 taxati
2137 408 2238 440 sunt,
2263 408 2304 436 ut

1321 472 1341 493 a
1360 457 1528 492 Wesseio
1552 463 1585 490 et
1608 456 1695 489 aliis.
1747 454 1816 489 Sed
1841 455 1943 498 longe
1957 454 2025 487 fuit
2040 453 2214 486 illustrior
2229 452 2306 495 glo-

1322 510 1374 543 ria
1411 509 1532 553 populi
1571 506 1696 547 Israel,
1739 517 1844 550 quam
1874 502 1979 537 huius
2010 504 2154 538 ultimae
2184 501 2306 536 aetatis
2354 533 2360 538 ,

1323 561 1460 594 mundi.
1511 557 1798 592 Considerandus
1823 561 1874 589 est
1896 561 2010 588 autem
2033 552 2090 588 hic
2114 560 2207 588 totus
2225 564 2307 586 cur-

1324 622 1380 644 sus
1396 609 1589 650 Ecclesiae,
1616 615 1654 641 ut
1677 607 1852 640 discamus
1875 605 1989 650 qualis
2011 605 2055 638 sit
2073 603 2246 644 Ecclesia,
2273 608 2308 636 et

1325 672 1410 707 quas
1433 666 1546 704 partes
1570 657 1730 703 amplecti
1753 657 1952 691 debeamus.
2005 653 2176 688 Fortassis
2200 665 2310 694 nunc,

1325 712 1406 757 quia
1423 712 1459 744 fit
1475 711 1586 743 maior
1601 707 1771 754 dispersio
1788 719 1851 752 per
1867 705 2020 746 Turcas,
2046 704 2204 738 accendit
2214 703 2309 738 Deus

1325 764 1438 796 lucem
1462 759 1665 803 Evangelii,
1698 757 1789 792 hanc
1815 758 1928 802 ipsam
1951 757 1998 790 ob
2024 767 2182 794 causam,
2209 760 2249 787 ut
2270 754 2310 786 in

1326 811 1390 846 hac
1412 806 1629 855 dispersione
1652 810 1702 854 pii
1726 816 1853 842 certam
1878 807 2074 841 doctrinam
2098 811 2131 838 et
2151 804 2311 838 consola-

1325 864 1457 897 tionem
1481 860 1650 902 habeant,
1676 867 1710 893 et
1731 870 1941 905 quocunque
1957 858 2219 902 dispergentur,
2247 865 2310 888 sua

1326 926 1410 948 voce
1441 924 1632 957 propagare
1663 911 1816 955 possint,
1858 908 1993 942 etiamsi
2025 919 2098 940 non
2131 903 2313 939 habebunt

1326 964 1528 998 ordinarios
1545 961 1740 1007 Episcopos
1755 967 1815 995 aut
1831 958 2001 993 Doctores
2018 965 2058 992 ut
2073 963 2186 991 antea.

1720 1060 1767 1085 De
1799 1060 1923 1084 tertio.

1429 1115 1570 1160 Duplex
1595 1119 1644 1147 est
1665 1113 1824 1150 vocatio,
1853 1112 1935 1145 Alia
1952 1108 2152 1149 ordinaria,
2178 1114 2215 1141 ut
2235 1119 2314 1141 cum

1327 1164 1483 1201 Ecclesia
1509 1166 1605 1209 eligit
1629 1164 1830 1203 ministros,
1859 1163 1904 1196 ita
1931 1162 1968 1194 in
1991 1161 2065 1204 lege
2081 1166 2153 1193 erat
2169 1159 2315 1192 ordina-

1328 1218 1380 1251 ria
1405 1217 1542 1250 vocatio
1568 1216 1785 1249 sacerdotum
1801 1241 1810 1255 ,
1842 1213 1924 1258 quia
1948 1211 2043 1246 Deus
2068 1216 2180 1244 certae
2203 1207 2315 1242 tribui

1329 1269 1558 1301 mandaverat
1589 1263 1656 1299 hoc
1686 1265 1851 1299 officium.
1904 1262 1951 1297 Et
1982 1271 2182 1307 quanquam
2211 1257 2316 1292 multi

1330 1317 1395 1351 hac
1419 1316 1599 1350 ordinaria
1624 1315 1807 1348 vocatione
1830 1315 2046 1351 abutuntur,
2072 1319 2189 1345 tamen
2212 1321 2316 1342 voca-

1330 1368 1438 1401 tionis
1471 1367 1640 1400 autoritas
1673 1377 1744 1398 non
1771 1371 1820 1398 est
1845 1363 2093 1397 universaliter
2114 1360 2317 1394 reiicienda.

1332 1417 1425 1461 Quia
1450 1430 1532 1450 vero
1558 1427 1660 1460 saepe
1683 1416 1842 1448 doctores
1868 1415 1904 1447 in
1929 1413 2111 1447 vocatione
2135 1409 2316 1444 ordinaria

1332 1481 1405 1501 non
1431 1474 1522 1501 recte
1547 1468 1692 1506 docent,
1728 1466 1806 1499 ideo
1830 1465 1928 1499 Deus
1951 1464 2050 1497 addit
2067 1461 2316 1505 {extraordina-

1332 1519 1422 1552 riam
1443 1518 1679 1551 vocationem:
1714 1515 1877 1549 excitavit
1898 1525 2042 1557 magnos
2063 1513 2158 1545 viros
2183 1512 2226 1544 ad
2249 1522 2317 1554 pu-

1333 1570 1444 1602 blicos
1476 1580 1612 1602 errores
1646 1567 1901 1605 emendandos,
1943 1572 1977 1598 et
2006 1565 2049 1597 ad
2081 1562 2317 1605 colligendam

1333 1618 1545 1659 Ecclesiam,
1580 1625 1620 1651 ut
1645 1615 1779 1654 Etiam,
1812 1614 2012 1653 Elisaeum,
2047 1613 2096 1647 sic
2123 1610 2317 1646 Iohannem

1333 1670 1503 1712 singulari
1538 1669 1643 1701 modo
1672 1667 1830 1709 vocavit,
1866 1673 1898 1700 et
1932 1673 1970 1700 ut
1994 1664 2108 1697 Eliam
2141 1663 2318 1696 debebant

1334 1721 1457 1753 audire
1481 1720 1678 1764 pontifices,
1707 1729 1907 1762 quanquam
1931 1722 2043 1749 essent
2069 1715 2104 1747 iu
2124 1715 2201 1747 loco
2218 1713 2319 1747 ordi-

1334 1772 1454 1804 nariae
1475 1770 1684 1809 vocationis,
1712 1769 1758 1802 ita
1779 1766 1973 1801 iohannem
2000 1766 2173 1799 debebant
2197 1764 2321 1797 audire

1335 1822 1533 1866 pontifices,
1560 1821 1641 1866 quia
1659 1819 1754 1852 Deus
1773 1819 1803 1851 ei
1821 1825 1912 1852 certa
1932 1816 2132 1852 testimonia
2148 1815 2318 1859 praebue-

1335 1879 1408 1913 rat,
1435 1873 1579 1915 angelus
1602 1871 1690 1916 patri
1708 1875 1936 1914 apparuerat,
1962 1867 2084 1901 eteius
2099 1866 2319 1900 vocationem

1335 1924 1564 1968 praedixerat.

1439 1973 1510 2016 Qui
1528 1985 1600 2005 non
1616 1971 1855 2009 considerant,
1884 1975 2013 2015 quanta
2031 1979 2084 2001 res
2100 1967 2144 2002 sit
2159 1966 2238 2001 talis
2253 1978 2319 2000 vo-

1336 2024 1447 2063 catio,
1474 2030 1507 2057 et
1533 2024 1645 2068 qualis
1668 2023 1712 2057 sit
1733 2021 1906 2055 Ecclesiae
1929 2019 2155 2062 gubernatio,
2183 2015 2220 2050 hi
2244 2028 2319 2051 non
2355 2038 2370 2053 λ,

1339 2075 1540 2117 intelligunt
1578 2074 1700 2107 talium
1732 2073 1890 2106 virorum
1923 2070 2095 2109 officinm,
2136 2075 2174 2102 ut
2207 2064 2319 2105 Etiae,

1336 2124 1487 2165 Elisaei,
1522 2124 1706 2164 lobannis,
1741 2122 1861 2161 Pauli,
1891 2122 1962 2154 imo
1987 2120 2161 2164 sapientes
2185 2116 2321 2162 politici

1339 2178 1489 2211 oderunt
1514 2188 1572 2209 eos
1592 2182 1758 2220 tanquam
1775 2171 1935 2207 homines
1954 2181 2112 2205 morosos
2130 2177 2161 2204 et
2176 2168 2320 2202 seditio·

1458 2227 1530 2260 Alii
1557 2227 1665 2270 inepti
1690 2231 1814 2269 putant
1837 2224 1941 2256 fuisse
1959 2220 2120 2254 homiues
2133 2219 2320 2263 simplices,

1310 2295 1313 2314 z
1338 2279 1418 2324 qui,
1442 2286 1479 2312 ut
1504 2275 1688 2317 monachi,
1716 2282 1858 2320 propter
1880 2272 2163 2318 superstitionem
2182 2269 2321 2315 quaesi·

1338 2330 1451 2363 verint
1478 2329 1636 2362 latebras.
1697 2327 1764 2360 Sed
1789 2335 2008 2370 nequaqnam
2031 2323 2074 2355 de
2098 2323 2147 2355 eis
2171 2321 2216 2355 ita
2238 2331 2322 2354 sen·

1340 2381 1499 2413 tiendum
1515 2387 1583 2416 est,
1610 2379 1758 2412 sciamus
1773 2375 1835 2409 hos
1851 2387 1922 2408 esse
1938 2385 2092 2407 summos
2108 2373 2234 2413 duces,
2259 2381 2321 2415 per

1340 2443 1426 2476 quos
1447 2429 1540 2463 Deus
1564 2431 1628 2464 fuit
1653 2429 1789 2466 efficax,
1816 2433 1847 2459 ct
1873 2426 2021 2459 restituit
2041 2431 2073 2458 et
2089 2423 2185 2458 auxit
2198 2420 2319 2456 Eccle-

1340 2483 1446 2519 siam,
1474 2489 1505 2515 et
1530 2493 1592 2525 per
1615 2490 1702 2524 quos
1720 2477 1889 2522 oppressit
1908 2476 2030 2509 falsam
2049 2473 2263 2509 doctrinam.
2284 2476 2318 2503 et

1339 2532 1519 2566 renovavit
1551 2542 1686 2564 veram:
1722 2528 1874 2572 denique
1903 2538 2054 2572 quorum
2083 2521 2318 2558 ministerium

1339 2584 1489 2618 salutare
1506 2582 1570 2617 fuit
1589 2580 1708 2616 multis
1725 2579 1856 2613 secatis
1871 2579 1914 2612 ad
1933 2578 2038 2613 vitam
2053 2581 2243 2610 aeternam·
