2409 2915
71 135 145 173 717
319 133 402 171 ΧΠ.

70 228 103 257 et
119 222 234 263 bruta,
251 233 397 267 prorsus
412 220 684 264 exstinguuntur
696 218 844 253 interitu
859 230 1060 264 corporum,

69 285 136 307 nec
155 279 289 307 restant
314 284 448 318 poenae
465 271 520 304 vel
539 270 729 315 supplicia,
756 269 886 315 quibus
903 270 1059 314 fugiente

69 323 140 358 vita
157 324 306 358 cadaver
324 323 432 368 possit
449 321 652 355 excruciari.
703 318 752 354 At
773 318 961 354 hominum
979 321 1058 355 ani-

69 386 146 409 mae
162 381 243 409 sunt
260 374 402 420 spiritus
418 372 641 417 separabiles,
658 371 836 406 exstinctis
849 372 1057 416 corporibus

68 425 287 471 superstites,
326 431 358 458 et
390 434 513 458 rursus
545 422 809 468 copulabuntur
844 423 1066 457 resuscitatis·

69 477 294 522 corporibus,
326 475 364 508 in
389 474 521 520 quibus
552 480 655 508 antea
687 473 869 509 vixerunt:
905 474 1057 519 proinde

67 528 216 562 mortuis
245 524 450 560 hominibus
482 532 515 559 et
547 536 696 570 corpora
731 524 982 566 restituentur,
1023 531 1057 559 et

69 579 138 613 vita
157 577 325 611 reddetur
343 576 381 609 in
400 576 621 621 corporibus.
659 575 717 609 Illi
733 576 870 621 itaque,
898 576 958 621 qui
976 587 1056 620 per-

67 633 270 662 severarunt
285 627 324 660 in
341 633 524 662 contemtu
541 634 601 661 aut
623 627 705 660 odio
723 626 810 668 Dei,
839 627 995 661 revocati
1016 639 1056 660 ex

66 685 178 713 morte
195 679 240 712 ad
255 678 448 720 iudicium,
475 678 623 712 audient
642 684 675 712 et
694 678 865 711 subibunt
884 689 954 711 una
976 689 1055 711 cum

63 729 214 764 diabolis
224 729 432 764 sententiam
444 729 542 763 illam
551 728 823 768 damnatoriam,
839 725 970 763 Matth.
979 726 1054 763 25.:

64 779 242 814 Discedite
259 780 439 814 maledicti
457 780 495 813 in
510 780 626 824 ignem
644 785 826 813 aeternum
839 806 848 819 ,
876 779 937 825 qui
955 791 1056 823 para-

65 838 121 865 tus
139 838 189 866 est
204 831 348 865 diabolo
367 838 401 865 et
418 831 553 875 angelis
571 831 659 864 eius.
712 830 751 865 Si
776 830 855 875 quis
877 842 951 863 non
977 842 1056 863 mo-

66 889 165 917 vetur
179 880 244 916 hac
261 883 354 917 tristi
372 889 405 916 et
422 881 576 916 terribili
591 881 781 922 concione,
808 881 845 914 in
863 893 903 914 eo
922 886 1055 914 certum

63 940 115 967 est
127 933 375 978 pertinaciam,
404 933 612 973 amentiam,
640 939 673 966 et
689 933 846 966 furorem
864 943 882 964 a
901 930 1054 965 diabolis

63 984 112 1018 ita
130 984 377 1018 confirmatum
395 995 487 1024 esse,
514 990 553 1017 ut
569 983 672 1027 plane
688 983 844 1027 captivus
858 988 1018 1017 teneatur
1035 992 1054 1015 a

63 1032 280 1080 blasphemis
297 1035 369 1068 illis
386 1034 585 1079 spiritibus·

167 1085 351 1120 Praeterea
369 1098 442 1119 non
461 1086 624 1129 ignorare
640 1089 799 1131 oportet,
834 1083 931 1129 quod
948 1082 1053 1116 etiam

62 1137 102 1170 in
126 1137 303 1182 praesenti
320 1137 392 1170 vita
416 1147 518 1170 canes
537 1143 570 1171 et
587 1135 686 1179 porci
704 1135 789 1169 tales
806 1134 1055 1180 opprimantur

62 1187 203 1231 tragicis
220 1194 253 1222 et
269 1188 448 1221 atrocibus
461 1187 598 1231 poenis.
658 1183 718 1218 An
742 1197 816 1218 non
840 1184 973 1218 rabiosi
996 1196 1053 1217 ca-

63 1249 145 1279 neS,
170 1235 330 1279 Pharao,
355 1237 536 1279 Herodes,
563 1236 677 1275 Nero,
703 1235 965 1273 Diocletianus,
992 1233 1053 1268 Iu-

63 1288 199 1330 lianus,
226 1296 260 1323 et
283 1289 416 1322 similes
441 1288 605 1334 tyranni,
640 1287 784 1321 tandem
809 1297 947 1319 summo
970 1295 1053 1318 cru-

63 1340 156 1373 ciatu
186 1339 288 1373 foede
317 1340 514 1384 misereque
536 1337 742 1382 perierunt?
799 1335 929 1370 Nonne
950 1335 1053 1383 porci

60 1390 250 1431 lutulenti,
278 1388 345 1423 hoc
368 1396 438 1430 est,
471 1394 590 1432 gentes
613 1400 652 1421 ae
678 1387 785 1420 urbes
810 1385 958 1430 impiae,
985 1384 1052 1418 So-

61 1442 183 1481 doma,
212 1438 408 1481 Gomorra,
433 1437 570 1478 Roma‚
593 1436 698 1476 Asia,
726 1435 896 1475 Graecia,
922 1435 1052 1470 tristis-

61 1491 160 1525 simis
186 1491 354 1534 exemplis
375 1487 601 1524 horribiliter
623 1493 796 1529 vastatae,
831 1487 989 1531 direptae
1013 1497 1052 1520 ac

59 1542 222 1576 funditus
237 1542 372 1575 deletae
388 1540 494 1575 sunt?
548 1539 646 1583 Quid
669 1539 764 1585 quod
784 1544 865 1571 ante
888 1538 1050 1571 omnium

62 1593 183 1627 oculos
198 1599 386 1626 versantur
402 1598 437 1626 et
452 1591 490 1624 in
508 1597 697 1635 conspectu
712 1589 845 1634 positae
862 1596 944 1623 sunt
966 1600 1051 1633 poe-

61 1656 129 1678 nae
151 1643 398 1689 quotidianae,
424 1642 536 1683 bella‚
562 1641 690 1681 fames,
716 1640 923 1686 tyrannides
940 1651 979 1672 ac
995 1639 1051 1672 di-

59 1695 290 1729 lacerationes
305 1693 556 1737 imperiorum‚
584 1691 814 1736 expilationes
830 1689 1052 1731 immodicae,

59 1745 274 1780 vastationes
291 1744 475 1788 regionum
488 1770 498 1785 ‚
531 1749 566 1777 et
583 1741 861 1787 provinciarum.
913 1739 1050 1774 Huius-

60 1797 159 1831 modi
183 1796 308 1842 poenis
331 1794 426 1829 Deus
450 1800 594 1835 onerat,
629 1793 792 1836 castigat,
827 1799 860 1826 et
881 1791 1050 1836 opprimit

62 1858 165 1882 canes
187 1854 291 1893 atque
314 1856 459 1891 porcos,
491 1845 534 1878 de
551 1844 680 1890 quibus
697 1841 756 1877 hic
773 1843 923 1883 dicitur,
950 1848 990 1876 ut
1005 1842 1049 1875 ab

62 1897 242 1944 aliquibus
255 1903 467 1941 agnoscatur
482 1902 515 1930 et
530 1895 748 1938 intelligatur
764 1894 816 1927 ira
831 1893 960 1927 'divina
985 1893 1049 1926 ad-

60 1960 184 1984 versus
202 1955 401 1995 peccatum,
428 1954 461 1981 et
478 1945 606 1981 caeteri
627 1957 701 1979 non
726 1945 902 1978 sanabiles
918 1944 1048 1978 tollan-

61 2008 121 2036 tur
144 2012 163 2033 e
186 1999 316 2034 medio.
383 1997 484 2032 Hanc
510 1999 651 2031 brevem
673 1994 1047 2030 commonefactionem

61 2051 181 2086 iudico
211 2051 369 2085 sufficere
400 2048 615 2083 enarrationi
650 2044 758 2081 huius
789 2046 885 2080 dicti.
952 2044 1048 2079 Deus

61 2103 251 2137 clementer
279 2101 422 2135 adiuvet
450 2106 483 2134 et
508 2099 675 2133 accendat
698 2098 803 2131 corda
827 2103 967 2135 nostra,
1009 2101 1048 2129 ut

61 2165 144 2187 vere
167 2152 366 2188 afficiantur
391 2149 446 2184 his
468 2149 684 2194 gravissimis
706 2146 838 2183 Christi
865 2146 1047 2181 concioni-

61 2206 147 2247 bus,
175 2211 209 2239 et
224 2203 412 2237 flectantur
428 2202 471 2235 ad
488 2200 754 2235 conversionem
770 2211 810 2233 ac
827 2198 1046 2232 emendatio-

63 2269 143 2291 nem
162 2256 256 2290 vitae
273 2254 461 2287 salutarem
473 2278 483 2296 ,
511 2250 639 2285 Amen.

257 2342 385 2376 Petite
401 2342 439 2374 et
459 2336 613 2372 dabitur
629 2334 751 2380 vobis,
779 2338 849 2370 etc.

162 2408 365 2444 Discrimen
393 2407 488 2440 inter
519 2411 702 2449 praecepta
733 2410 767 2437 et
797 2401 1048 2447 promissiones

64 2473 151 2507 opus
166 2468 217 2496 est
233 2466 368 2500 extare,
399 2465 433 2492 et
451 2462 620 2501 perpetuo
639 2461 762 2489 notum
778 2464 850 2487 esse
871 2453 907 2485 in
925 2450 1047 2486 Eccle-

64 2514 132 2548 sia:
165 2523 255 2558 quae
276 2509 419 2555 quidem
435 2507 633 2542 admonitio
657 2517 759 2550 saepe
783 2504 969 2549 repetitur,
993 2503 1048 2535 vi-

64 2564 200 2604 delicet,
216 2562 312 2608 quod
328 2570 466 2594 necesse
481 2558 526 2592 sit
543 2557 699 2591 discerni
715 2561 897 2601 praecepta
915 2561 947 2588 et
964 2566 1047 2598 pro-

63 2614 256 2650 missiones.
283 2610 336 2646 Ac
347 2609 516 2645 hactenus
528 2608 565 2642 in
584 2607 754 2653 proximis
770 2604 826 2640 his
837 2606 976 2639 duobus
990 2617 1048 2638 ca-

64 2665 196 2711 pitibus
210 2662 394 2698 audivistis
406 2660 544 2694 erudite
558 2659 729 2693 declarari
751 2658 923 2704 quaedam
947 2667 1047 2701 prae-

63 2714 344 2761 ceptaDecalogi.
394 2712 497 2747 Nunc
516 2710 654 2746 orditur
662 2708 825 2745 Christus
839 2707 1046 2743 concionem

462 128 857 171 ANNOTATIONES
883 130 952 169 ET
977 129 1261 171 CONCIONES
1288 133 1340 171 ΙΝ
1365 132 1549 176 EVANG.
1578 135 1858 174 ΜΑΤΤΗΑΕΙ.

2028 138 2099 173 ’718

1111 221 1156 255 de
1172 221 1390 266 precatione,
1416 234 1476 257 seu
1495 223 1736 266 invocatione,
1760 235 1849 269 quae
1865 224 2007 269 quidem
2027 225 2100 258 vir-

1111 278 1168 306 tus
1185 271 1338 316 pertinet
1356 273 1461 306 etiam
1479 275 1522 307 ad
1541 275 1695 318 primum
1724 282 1756 309 et
1779 276 1972 309 secundum
1995 287 2099 319 prae—

1111 330 1250 368 ceptum
1272 322 1452 367 Decalogi.
1521 324 1610 357 Nam
1644 323 1730 358 haec
1762 337 1886 370 opera,
1925 326 2099 366 videlicet,

1111 385 1190 407 vera
1210 374 1332 418 petitio
1351 385 1411 408 seu
1427 375 1553 416 oratio,
1580 387 1659 408 vera
1679 376 1870 419 gratiarum
1888 376 1989 418 actio,
2017 384 2099 411 sunt

1109 425 1289 470 praecipui
1319 431 1354 459 et
1384 426 1512 459 summi
1541 425 1674 467 cultus,
1720 426 1781 470 qui
1812 425 1888 460 Deo
1928 428 2097 471 praestari

1110 482 1262 521 queunt,
1289 482 1322 510 et
1343 476 1471 521 quibus
1498 475 1614 510 honor
1637 477 1671 510 ei
1698 477 1808 510 tribui
1830 484 1953 522 potest.
2005 476 2097 512 Eth-

1109 527 1192 568 nici,
1219 524 1543 569 etMahometistae‚
1570 539 1630 561 seu
1641 527 1801 568 Tamne,
1829 535 1975 572 possunt
1990 529 2095 562 etiam

1109 589 1229 622 regere
1250 589 1366 612 mores
1389 586 1550 613 externos
1564 576 1709 613 honesta
1725 579 1909 624 disciplina
1921 605 1928 619 ‚
1959 579 1994 611 in
2011 591 2096 612 con-

1108 629 1205 673 iugio
1223 629 1379 672 legitimo
1398 637 1573 674 praestare
1594 630 1804 671 castitatem,
1840 630 1922 663 dare
1946 630 2097 663 eleemo-

1109 691 1223 726 synas,
1251 680 1367 713 sobrie
1382 686 1416 714 et
1431 687 1667 725 temperanter
1680 681 1810 722 vivere,
1827 687 1904 720 etc„
1921 681 1979 714 sed
2001 678 2096 713 hunc

1109 731 1275 764 eximium
1292 731 1511 777 spiritualem
1537 738 1570 766 et
1594 731 1798 765 interiorem
1823 731 1974 769 cultum,
2001 731 2096 764 scili-

1109 789 1183 823 cet,
1221 793 1341 815 veram
1372 781 1655 823 invocationem,
1680 788 1729 816 ‘et
1759 793 1876 815 veram
1905 782 2096 825 gratiarum

1108 833 1280 866 actionem
1292 860 1301 874 ,
1321 844 1425 866 nemo
1440 840 1553 877 potest
1570 840 1745 878 praestare
1762 831 1856 871 Deo,
1884 839 2021 876 praeter
2037 845 2096 867 so-

1108 883 1161 916 los
1179 881 1422 925 Christianos,
1450 891 1483 918 et
1502 896 1582 917 vera
1597 882 1776 918 Ecclesiae
1800 884 1956 916 membra
1971 909 1978 923 ‚
2006 895 2095 928 quae

1109 934 1267 968 sentiunt
1284 934 1385 968 initia
1403 935 1540 968 timoris
1555 934 1641 976 Dei,
1668 934 1768 975 fidei,
1796 940 1828 968 et
1846 933 2097 967 consolationis

1108 991 1269 1019 aeternae
1287 985 1323 1018 in
1343 986 1527 1027 cordibus,
1563 997 1723 1030 quaeque
1746 991 1881 1019 norunt
1905 985 2094 1018 discrimen

1108 1036 1202 1070 inter
1218 1048 1300 1070 vere
1319 1036 1396 1081 pios
1413 1043 1446 1070 et
1463 1034 1676 1082 hypocritas.

1209 1096 1261 1130 Ac
1287 1096 1475 1140 diligenter
1504 1096 1712 1130 observetur
1734 1094 1801 1130 hoc
1825 1096 1904 1129 loco
1928 1095 2095 1138 coniungi

1107 1153 1290 1192 praecepta
1318 1154 1351 1180 et
1375 1147 1643 1191 promissiones:
1689 1153 1913 1191 praeceptum
1939 1147 1981 1179 de
2015 1157 2095 1190 pre-

1107 1199 1241 1239 cando,
1269 1198 1421 1232 affirmat
1437 1204 1470 1231 te
1492 1198 1620 1231 debere
1636 1196 1711 1231 Deo
1735 1198 1880 1231 reddere
1904 1195 1999 1230 hunc
2022 1197 2096 1229 cul-

1106 1255 1203 1287 tum,
1229 1255 1269 1282 ut
1285 1248 1444 1289 invoces,
1470 1255 1508 1282 ut
1523 1255 1637 1292 petas,
1663 1255 1703 1282 ut
1722 1255 1894 1293 exspectes
1910 1248 1954 1282 ab
1973 1259 2013 1281 eo
2030 1259 2095 1282 au-

1106 1299 1230 1332 xilium
1248 1299 1286 1331 in
1309 1298 1492 1343 periculis:
1525 1298 1719 1333 Promissio
1743 1299 1911 1344 proponit
1934 1298 2094 1332 consola-

1106 1349 1258 1390 tionem,
1285 1355 1318 1382 et
1342 1348 1509 1383 certificat
1531 1361 1616 1391 ηοξ,
1650 1350 1746 1394 quod
1771 1349 1949 1383 invocatio
1972 1355 2094 1382 nostra

1106 1411 1180 1433 non
1201 1400 1245 1434 sit
1262 1400 1381 1440 irrita,
1407 1411 1472 1433 nec
1487 1399 1594 1433 inane
1610 1407 1644 1434 et
1662 1400 1789 1434 inutile
1807 1411 1981 1434 murmur.

1207 1458 1260 1493 Ut
1284 1465 1401 1492 autem
1426 1458 1469 1491 de
1498 1455 1565 1492 hoc
1596 1465 1694 1493 tanto
1726 1465 1869 1504 tamque
1900 1458 2094 1492 necessario

1106 1521 1230 1554 opere,
1264 1510 1307 1543 de
1323 1520 1461 1543 summa
1479 1509 1626 1551 virtute,
1659 1510 1704 1543 de
1728 1509 1918 1554 praecipuo
1939 1509 2036 1543 cultu
2061 1516 2095 1543 et

1104 1561 1249 1605 proprio
1267 1559 1377 1594 solius
1392 1557 1590 1605 Ecclesiae,
1617 1560 1762 1602 ordine,
1790 1572 1829 1594 ac
1845 1560 2095 1595 fundamenta-

1105 1612 1186 1646 liter
1209 1611 1436 1652 erudiamur,
1478 1617 1586 1656 utque
1617 1611 1710 1644 veris
1740 1610 1851 1644 animi
1882 1611 2038 1644 motibus
2061 1617 2095 1643 et

1104 1662 1194 1695 serio
1213 1662 1388 1695 discamus
1404 1661 1664 1695 invocationem
1681 1673 1859 1695 exercere:
1896 1668 2092 1705 repetemus

1105 1713 1231 1746 ordine
1248 1712 1360 1757 capita
1384 1712 1571 1756 praecipua
1595 1712 1778 1746 doctrinae
1806 1712 1849 1745 de
1872 1712 2093 1745 invocatione

1103 1762 1186 1805 Dei,
1225 1775 1315 1808 quae
1345 1763 1489 1808 quidem
1516 1763 1553 1795 in
1581 1760 1646 1796 hac
1668 1760 1824 1796 Ecclesia
1851 1774 1951 1806 saepe
1980 1763 2094 1797 solent

1103 1826 1167 1859 pro
1183 1814 1354 1848 concione
1370 1813 1532 1854 tractari,
1567 1819 1601 1847 et
1627 1814 1744 1858 quoad
1771 1814 1846 1847 eius
1866 1813 1939 1847 fieri
1967 1820 2091 1857 potest,

1103 1865 1253 1900 fideliter
1270 1871 1302 1898 et
1318 1864 1459 1908 copiose
1476 1864 1655 1908 explicari.

1205 1924 1351 1969 Semper
1366 1923 1474 1967 igitur
1488 1923 1532 1956 de
1547 1922 1769 1956 invocatione
1785 1920 1870 1957 haec
1885 1923 1952 1957 tria
1966 1923 2091 1957 ordine

1102 1975 1408 2010 commemoranda
1424 1973 1883 2019 familiariterquejtenenda
1900 1981 1993 2010 sunt.

1203 2033 1344 2067 Primus
1377 2032 1492 2073 locus,
1537 2032 1625 2077 quid
1656 2032 1700 2065 sit
1725 2032 1900 2066 invocatio
1927 2044 1986 2066 seu
2011 2044 2091 2077 pre-

1101 2085 1202 2120 catio.

1203 2143 1404 2186 Secundus,
1432 2154 1495 2176 cur
1520 2142 1696 2184 facienda,
1732 2148 1766 2176 et
1788 2153 1873 2186 quas
1899 2142 1946 2176 ob
1970 2153 2088 2176 causas

1102 2194 1294 2229 necessaria
1315 2194 1359 2227 sit
1378 2193 1567 2227 invocatio.

1205 2253 1365 2294 Tertius,
1392 2253 1571 2298 quomodo
1593 2252 1750 2285 facienda
1773 2251 1835 2293 sit,
1863 2258 1902 2285 ut
1925 2251 2089 2285 exaudia-

1103 2312 1178 2346 tur,
1202 2304 1413 2351 recipiatur,
1440 2303 1596 2351 placeat,
1624 2303 1668 2337 sit
1683 2303 1823 2343 efficax,
1849 2308 1941 2340 rata,
1971 2301 2086 2336 ctDeo

1101 2363 1208 2401 grata.

1500 2438 1545 2462 De
1576 2436 1693 2468 primo.

1299 2479 1388 2520 Quid
1408 2479 1451 2510 sit
1474 2478 1635 2510 invocatio
1655 2487 1714 2509 seu
1730 2477 1888 2518 precatio.

1203 2552 1260 2585 De
1283 2550 1488 2585 definitione
1512 2549 1745 2583 invocationis
1780 2559 1839 2582 seu
1869 2547 2085 2581 adorationis

1101 2603 1276 2648 principio
1293 2602 1382 2635 scire
1397 2607 1546 2645 oportet,
1573 2601 1668 2645 quod
1686 2599 1895 2633 vocabulum
1914 2599 2086 2643 precatio-

1100 2654 1174 2695 nis,
1207 2665 1267 2688 seu
1289 2652 1523 2691 adorationis,
1560 2662 1620 2685 seu
1644 2650 1878 2685 invocationis
1895 2649 1962 2684 Dei
1988 2661 2084 2683 com-

1099 2705 1273 2754 plectatur
1296 2705 1366 2738 duo
1383 2714 1507 2747 opera,
1534 2701 1714 2743 videlicet,
1751 2708 1783 2735 et
1806 2708 1922 2746 petere
1950 2700 2085 2746 aliquid
