2409 2915
88 126 158 163 157
646 123 710 160 XI.
763 120 1062 160 ENARRATIO

1091 120 1142 156 IN
1168 118 1543 157 ECCLESIASTEN.
2038 121 2107 156 158

86 212 281 251 cruciatus,
317 211 378 257 qui
404 217 454 246 est
477 211 609 244 malum
641 222 792 254 poenae,
832 209 919 242 sicut
946 210 1072 243 usitate
1097 219 1222 251 1quam
1248 208 1410 250 publicae
1435 207 1665 247 calamitates,
1694 205 1796 240 etiam
1821 206 1977 250 privatos
2000 208 2106 240 attin-

85 263 278 308 loquimur.
332 261 395 296 Est
416 269 532 295 autem
556 261 730 294 cruciatus
755 260 960 303 dupliciter,
989 261 1069 305 quia

85 313 262 348 dubitatio
295 320 328 347 et
361 324 459 346 error
491 312 649 345 cruciant
686 309 863 349 homines,
899 318 936 343 ut
964 311 1069 343 Pom-

86 364 204 409 peium
236 364 367 397 cruciat
391 363 543 406 primum
569 362 762 400 dubitatio,
803 363 930 395 deinde
961 375 1069 402 error,

86 427 167 449 cum
204 415 292 447 vidit
321 413 562 447 calamitosum
601 413 743 447 exitum.
805 412 915 456 Saepe
951 420 1069 446 errant

87 466 192 500 etiam
242 463 415 507 sapientes
460 464 728 506 gubernatores,
780 474 882 505 saepe
925 471 1068 507 peccant

87 514 298 552 ambitione,
327 521 364 547 ut
390 513 553 547 Perdicas
583 521 657 557 post
681 513 939 554 Alexandrum,
967 526 1066 558 saepe

86 566 170 600 falsa
199 565 311 608 specIe
339 565 445 605 iuris,
479 571 516 598 ut
539 564 689 603 Brutus,
726 577 827 608 saepe
853 567 1068 611 πολυπραγ-

85 611 231 661 μοσύνῃ
256 623 287 649 et
310 615 557 660 inquietudine
584 615 802 656 animorum,
839 622 877 648 ut
906 616 1066 656 Pericles,

39 699 43 703 Δ
85 677 188 710 saepe
212 667 281 706 ira,
312 673 351 699 ut
372 665 524 699 Marius:
570 667 697 698 deinde
723 667 824 699 etiam
857 667 958 699 bonis
981 679 1065 699 con-

38 736 39 739 =
86 717 176 750 siliis
207 728 307 760 saepe
346 729 416 749 non
452 718 664 760 respondent
700 725 862 757 eventus,
914 726 952 752 ut
986 729 1063 750 curu

88 766 266 801 Israelitae
289 767 499 800 dimicarent
527 780 606 801 cum
638 767 732 800 tribu
758 767 962 801 Beniamin:
1005 769 1065 800 de-

87 818 195 862 nique
229 830 350 850 omnes
393 818 676 861 pati-essanulias‚
728 831 849 850 omues
892 820 1065 861 guberna-

86 875 198 906 tores,
239 869 466 912 experiuntur
498 869 636 912 plenam
669 881 742 901 csse
773 870 1064 911 gubernationem

86 930 160 952 nou
178 919 291 951 solum
310 931 492 957 curarum,
521 921 576 952 sed
598 920 700 953 etiam
719 920 1065 963 impedimentorum,

85 976 301 1010 erratorum,
329 970 483 1003 tristium
509 978 718 1011 eventuum,
749 983 837 1015 quae
855 972 973 1004 omnia
993 971 1064 1002 val-

86 1021 130 1053 de
150 1021 306 1054 cruciant
322 1022 469 1056 animos.

186 1086 259 1120 Has
289 1099 475 1120 aerumnas
508 1099 650 1128 omnes,
691 1088 794 1120 simul
825 1087 1068 1130 complectitur
1095 1115 1096 1118 ,

85 1137 274 1176 Salomon,
317 1150 394 1171 cum
420 1139 488 1178 ait,
523 1136 613 1171 lianc
649 1139 854 1182 sapientiam
887 1138 1065 1170 rectricem

83 1199 157 1222 esse
186 1189 312 1221 malam
339 1189 578 1222 afflictionem.
631 1188 725 1221 Hinc
746 1197 827 1222 sunt
852 1189 986 1232 poetica
1006 1188 1067 1230 fig-

86 1245 203 1272 menta
224 1241 266 1271 de
284 1237 513 1280 Prometheo,
541 1239 599 1283 qui
625 1240 756 1272 dicitur
779 1240 900 1272 affixus
919 1239 954 1270 in
973 1238 1068 1273 Cau-

87 1300 178 1324 caso,
229 1288 276 1322 Et
293 1290 336 1322 de
349 1287 501 1334 Sisypho
525 1291 687 1322 volvente
705 1302 846 1329 saxum,
874 1296 908 1322 et
924 1289 1065 1323 similia.

188 1351 445 1388 Demosthenes
470 1355 604 1400 inquit,
639 1367 674 1387 se
700 1355 727 1387 si
760 1355 945 1388 retexenda
978 1362 1064 1387 esset

86 1405 180 1447 vita,
215 1405 320 1438 malle
353 1406 394 1437 ad
429 1412 557 1438 certam
590 1413 739 1439 mortem
774 1407 843 1446 ire,
884 1418 988 1450 quam
1021 1407 1063 1438 ad

39 1451 43 1456 ¹
87 1467 243 1490 summos
274 1453 427 1488 honores
457 1455 494 1488 in
519 1455 658 1500 Repub.
717 1455 762 1489 Et
785 1453 977 1489 Aeschines
1008 1457 1064 1488 in-

88 1507 184 1552 quit,
218 1506 339 1540 laetari
371 1517 405 1539 se
431 1507 618 1540 liberatum
651 1519 722 1540 esse
758 1519 775 1540 a
809 1507 1064 1549 gubernatione

85 1555 240 1602 Reipub.
257 1569 295 1590 ac
311 1557 341 1590 si
360 1557 528 1591 liberatus
546 1565 634 1591 esset
649 1571 665 1590 a
683 1558 820 1590 rabiosa
839 1570 936 1591 cane.

189 1615 258 1650 Sed
281 1627 343 1648 cur
367 1615 468 1656 dicit,
495 1628 512 1648 a
538 1615 613 1649 Deo
640 1614 730 1649 banc
752 1617 979 1649 afflictionem
1003 1617 1066 1649 da-

89 1672 160 1700 tam
185 1678 256 1699 esse
280 1663 440 1706 bomini,
475 1673 512 1699 ut
539 1667 747 1708 gubernatio
768 1667 812 1700 sit
839 1667 939 1708 plena
964 1679 1066 1700 aeru-

87 1728 251 1749 mnarum
277 1722 310 1749 et
337 1716 522 1748 errorum?
596 1717 811 1759 ’tespondem
844 1716 1067 1749 Generaliter

89 1779 210 1799 verum
238 1772 307 1803 est,
335 1765 448 1799 Deum
477 1767 566 1798 velle
591 1779 755 1810 poenam,
782 1778 840 1799 seu
865 1768 1066 1799 conversio-
1096 1786 1098 1789 v

88 1817 143 1849 nis
160 1828 278 1855 causa,
305 1817 363 1848 sed
385 1818 426 1848 ad
446 1816 605 1849 ultimam
628 1817 912 1854 destructionem,
939 1819 999 1849 sed
1018 1825 1067 1850 ta-

87 1879 168 1900 men
194 1867 276 1898 inde
297 1878 368 1898 non
392 1867 550 1910 sequitur
569 1866 682 1899 Deum
701 1879 838 1899 causam
858 1879 930 1899 csse
949 1880 1068 1911 pccca-
1097 1876 1099 1900 1

87 1924 224 1957 torum,
259 1923 317 1950 aut
344 1916 452 1955 velle,
495 1918 548 1949 vel
582 1918 752 1949 adiuvare
786 1925 940 1960 peccata,
981 1931 1068 1962 quae
1098 1935 1099 1940 ¹

88 1975 170 2001 sunt
195 1967 308 2000 media
334 1968 376 2000 ad
403 1979 572 2011 poenam,
600 1968 654 2001 vel
679 1968 841 2001 ultimam
859 1970 1069 2002 destructio-

87 2030 180 2053 nem.

189 2075 284 2110 Deus
300 2085 414 2111 servat
431 2077 596 2110 ordinem
621 2089 722 2110 suum
754 2078 846 2110 inter
869 2085 980 2110 errata
1007 2090 1068 2121 gu-

89 2128 339 2170 bernatorum,
373 2135 411 2161 ut
434 2136 548 2162 servat
579 2129 737 2172 politiam
772 2128 899 2166 Israel,
933 2129 1067 2162 etiamsi

90 2179 347 2222 aliquantisper
368 2180 512 2212 turbant
537 2180 716 2219 ordinem,
739 2179 843 2217 Saul,
862 2180 1018 2212 Absalon
1037 2187 1070 2213 et

90 2229 232 2263 similes,
289 2227 345 2263 Fit
358 2235 472 2261 autem
493 2230 622 2262 Davidi
649 2230 857 2272 gubernatio
881 2242 1068 2263 aerumno-

91 2280 182 2320 sior,
215 2279 296 2324 quia
322 2280 376 2312 vel
400 2280 459 2312 alii
486 2280 630 2312 turbant
658 2292 754 2319 eum,
787 2281 843 2312 vel
865 2281 968 2314 etiam
996 2281 1069 2324 ipse

91 2342 155 2364 suo
173 2330 283 2373 lapsu,
311 2342 410 2363 causa
427 2337 477 2364 est
495 2331 840 2374 impedimentorum.
895 2330 987 2373 Quia
1005 2343 1069 2364 au-
1098 2325 1101 2365 Ι

92 2387 162 2415 tem
185 2381 260 2414 vult
278 2379 372 2415 Deus
395 2379 556 2414 homines
579 2381 716 2425 puniri,
744 2392 803 2413 seu
829 2383 1069 2415 conversionis

93 2443 214 2471 causa,
241 2443 301 2464 seu
325 2439 468 2476 propter
491 2432 651 2465 ultimam
677 2431 968 2471 destructionem,
996 2445 1069 2466 non

92 2480 256 2527 prohibet
289 2483 422 2524 media,
465 2495 553 2527 quae
579 2483 623 2515 ab
653 2480 804 2515 humana
828 2482 1069 2518 imbecillitate

94 2540 128 2567 et
154 2545 174 2566 a
198 2533 378 2566 furoribus
400 2534 624 2566 diabolorum
649 2533 832 2573 oriuntur,
859 2545 931 2566 non
947 2535 1070 2568 oriun-
1098 2542 1099 2549 ¹

93 2590 153 2618 tur
174 2596 192 2617 a
213 2583 303 2616 Deo:
332 2590 366 2617 et
388 2585 602 2627 gubernator
628 2584 688 2629 qui
711 2585 888 2628 experitur
919 2584 1069 2633 impedi-

95 2642 213 2669 menta
232 2634 341 2678 magis
357 2635 463 2676 dolet,
490 2647 595 2680 quam
611 2632 718 2668 homo
735 2635 908 2679 privatus,
936 2643 975 2670 ut
998 2649 1070 2670 ma-

946 2685 1070 2730 Quan-

94 2684 148 2728 gis
171 2685 266 2720 dolet
288 2684 425 2730 David,
452 2697 557 2731 quam
584 2683 690 2720 homo
715 2686 884 2730 privatus.

1123 264 1228 298 gunt,
1256 259 1346 291 utin
1365 257 1506 290 Solonis
1525 270 1625 290 versu
1643 258 1789 291 dicitur:
1819 256 1956 291 Intrant
1973 258 2008 290 in
2026 256 2104 290 tha-

1122 308 1251 349 lamos,
1287 308 1425 351 publica
1460 309 1608 346 damna,
1645 315 1732 340 tuos.
1794 307 1861 341 Sed
1887 315 2003 341 tamen
2030 309 2103 351 ple—

1094 385 1097 400 ,
1122 370 1260 403 ruuque
1289 359 1368 401 plus
1396 357 1562 401 periculi,
1608 365 1637 390 et
1671 358 1890 391 miseriarum
1929 359 2103 392 sustinent

1094 401 1096 476 Ι
1122 409 1248 441 summi
1282 410 1550 451 gubernatori-s,
1593 415 1632 441 ut
1663 408 1807 440 dicitur:
1842 408 1924 453 βίος
1953 406 2103 443 ἷὸιότοψ

1094 458 1284 504 ἷᾶρισῑος,
1322 459 1391 492 vita
1429 460 1644 502 privatorum
1678 458 1819 501 optima.
1883 459 1985 492 lteiu:
2009 456 2102 492 λάθε

1117 506 1279 555 βιώσας,
1311 522 1451 542 maneas
1469 511 1504 542 in
1522 510 1589 542 vita
1607 509 1752 552 privata.
1808 507 1912 542 Item:

1245 568 1367 605 Saepius
1391 569 1483 595 ventis
1507 569 1632 605 agitatur
1656 569 1757 605 ingens

1244 619 1347 654 Pinus,
1371 625 1399 646 ct
1423 619 1520 646 celsae
1543 619 1675 655 graviore
1699 628 1764 646 casu

1244 669 1389 697 Decidunt
1413 676 1524 704 turres,
1547 670 1716 706 feriuntque
1740 678 1865 696 summos

1626 720 1759 746 Fulmina
1783 725 1906 746 montes.

1222 778 1327 818 ltem,
1363 777 1477 826 ὄγκου
1505 776 1544 813 δὲ
1575 775 1738 825 μεγάλου
1772 780 1905 821 πτῶμα
1935 775 2101 826 γίγνεται

1119 827 1226 876 μέγα.
1283 829 1406 863 Fastus
1429 829 1545 872 magni
1573 830 1688 873 lapsus
1715 830 1750 862 fit
1777 840 1933 871 maguuS.
1993 828 2098 862 ltem:

1093 852 1198 915 ilrus
1223 888 1254 913 et
1281 887 1330 913 est
1357 879 1494 918 subito,
1527 880 1585 924 qui
1611 880 1715 911 modo
1740 879 1891 912 Croesus
1918 886 2000 913 erat.
2055 877 2101 912 Et

1121 932 1211 974 apud
1240 929 1445 974 Euripidem
1471 928 1633 973 Oedipus
1658 930 1790 974 inquit:
1819 928 1894 972 Ego
1921 929 1980 973 qui
2006 940 2100 972 reges

1121 981 1307 1014 antecellui
1336 981 1524 1027 sapientia,
1558 993 1652 1013 nuuc
1686 993 1767 1013 exeo
1793 992 1832 1012 ex
1868 980 1977 1022 patria
2007 980 2102 1013 velut

1122 1033 1258 1066 umbra.
1301 1030 1418 1076 lnquit
1438 1032 1544 1073 igitur
1559 1032 1740 1071 Salomon,
1763 1032 1798 1063 in
1817 1041 1940 1072 magna
1962 1030 2100 1077 sapien-

1122 1083 1167 1115 tia
1197 1090 1245 1114 cst
1271 1094 1394 1124 magua
1423 1082 1640 1124 indignatio,
1669 1083 1702 1113 id
1730 1089 1798 1121 est,
1836 1081 1871 1112 in
1898 1081 2100 1113 considera-

1123 1134 1217 1165 tione
1236 1133 1481 1165 confusionum
1501 1131 1751 1170 bumauarum,
1781 1144 1867 1175 quae
1888 1131 1923 1165 fit
1944 1132 2018 1163 sine
2043 1143 2101 1164 co-

1121 1183 1279 1226 gnitione
1297 1183 1487 1217 voluntatis
1507 1183 1589 1222 Dei,
1617 1189 1647 1215 et
1672 1183 1747 1215 sine
1765 1182 1889 1215 fiducia
1907 1181 2029 1214 auxilii
2047 1181 2102 1214 di-

1123 1234 1214 1273 vini,
1242 1234 1400 1277 sequitur
1419 1245 1564 1275 magnus
1587 1233 1706 1271 dolor,
1732 1231 2101 1279 utl'ompcius,Cato,

1122 1285 1283 1316 feruntur
1302 1284 1492 1317 nescientes
1511 1295 1630 1316 causas
1649 1284 1770 1316 ruinae
1794 1294 1895 1322 suae,
1923 1295 2015 1315 cum·
2028 1283 2101 1314 exi-

1121 1335 1263 1368 stiment
1281 1345 1316 1366 se
1330 1335 1455 1366 iustam
1475 1334 1714 1367 defensionem
1735 1334 1944 1376 suscepisse,
1971 1339 2003 1366 et
2015 1331 2100 1367 Cato

1121 1397 1192 1418 non
1224 1385 1315 1417 cedit
1346 1385 1527 1424 fortunae,
1561 1386 1618 1417 sed
1654 1382 1817 1416 humanis
1839 1383 1995 1416 consiliis
2025 1383 2101 1416 vult

1119 1436 1326 1468 continuare
1356 1436 1510 1478 bellum,
1546 1442 1579 1468 et
1602 1434 1711 1478 magis
1740 1446 1832 1475 sese,
1864 1440 1897 1466 et
1923 1432 2100 1476 Rempub.

1120 1486 1286 1530 affligere.

1222 1536 1279 1569 Sic
1296 1535 1494 1578 saepissime
1517 1532 1679 1568 homines
1701 1547 1778 1568 cum
1799 1534 1956 1568 consiliis
1975 1531 2101 1567 huma-

1121 1587 1175 1619 nis
1194 1587 1314 1619 satales
1329 1586 1554 1624 calamitates,
1582 1586 1721 1619 vincere
1741 1592 1925 1623 conantur,
1955 1597 2018 1617 nec
2037 1597 2101 1618 vo-

1123 1639 1198 1670 lunt
1219 1638 1337 1669 eodm-e
1351 1635 1444 1675 Deo,
1472 1643 1504 1669 et
1527 1636 1600 1667 sine
1620 1637 1802 1669 vocatione
1819 1648 1898 1675 sua,
1925 1642 1957 1668 et
1982 1647 2102 1668 neces-

1121 1688 1221 1719 sariis
1246 1687 1356 1718 causis
1382 1687 1587 1719 tuinultuari
1614 1693 1783 1729 pergunt,
1818 1686 2000 1718 cumulant
2022 1691 2103 1717 tan-

1096 1751 1098 1762 ·
1122 1745 1195 1771 tum
1222 1737 1450 1773 calamitates,
1495 1743 1527 1768 et
1549 1737 1615 1768 sibi
1647 1743 1678 1769 et
1704 1737 1802 1775 aliis,
1841 1742 1876 1768 ut
1903 1733 2103 1776 Zetlechias,

1123 1787 1277 1820 Turnus.
1332 1786 1412 1819 Ideo
1439 1787 1570 1818 dicturo
1597 1794 1663 1820 est:
1691 1784 1741 1831 μὴ
1765 1783 1920 1826 ‚wulgar
1944 1783 2010 1829 τὴν
2039 1798 2101 1820 τυ-

1119 1836 1209 1882 χὴν,
1235 1850 1304 1869 non
1324 1837 1471 1880 promito
1490 1837 1678 1869 fortunam.
1732 1836 1834 1869 ltem:
1861 1834 1911 1881 μὴ
1928 1833 2102 1870 κακὸνῖιῦ

1122 1890 1244 1933 κακῷ,
1274 1900 1317 1919 ne
1334 1887 1464 1919 malum
1482 1895 1602 1920 sanato
1622 1888 1726 1922 malo.

1224 1938 1316 1971 Dicit
1348 1937 1453 1979 igitur
1483 1935 1554 1969 bic:
1591 1937 1686 1980 Quid
1715 1937 1813 1970 addit
1835 1936 2033 1977 scientiam,
2068 1937 2102 1969 id

1125 1995 1194 2029 cst,
1222 1988 1560 2027 considerationem,
1589 1996 1619 2021 et
1647 1988 1880 2021 correctiones
1905 1987 1979 2020 sine
2005 1987 2104 2030 agni-

1126 2040 1219 2072 tione
1238 2038 1427 2071 voluntatis
1444 2038 1523 2077 Dei,
1551 2045 1584 2071 et
1600 2039 1674 2071 siue
1694 2038 1819 2070 fiducia
1838 2038 1959 2071 auxilii
1978 2038 2103 2076 divini,

1124 2091 1219 2122 addit
1235 2090 1413 2129 dolorem,
1440 2089 1568 2121 scilicet
1586 2090 1695 2130 magis
1719 2089 1852 2122 dolebit
1874 2089 2024 2121 fremens
2042 2090 2104 2121 ad-

1099 2142 1244 2173 lvcrsus
1276 2139 1410 2179 Deum,
1445 2147 1477 2172 et
1510 2138 1688 2172 attrahens
1717 2140 1848 2171 maiora
1880 2139 1988 2179 mala,
2031 2151 2103 2172 nou

1098 2200 1101 2262 λ
1124 2190 1319 2238 profuturis
1335 2191 1507 2228 consiliis,
1538 2199 1574 2224 ut
1591 2202 1686 2233 reges
1698 2190 1830 2222 Iudaici
1848 2189 1955 2222 variis
1973 2190 2103 2233 practi-

1098 2269 1100 2282 ἰ
1124 2243 1172 2274 cis
1190 2241 1316 2274 frustra
1335 2252 1370 2273 se
1387 2241 1569 2281 muniunt,
1597 2254 1675 2274 cum
1695 2241 1780 2273 alias
1804 2253 1882 2272 cum
1897 2239 2105 2285 Babyloniis

1098 2298 1100 2314 ¹
1122 2293 1260 2325 foedera
1279 2292 1453 2333 fecerunt,
1481 2292 1566 2325 alias
1592 2304 1669 2325 cum
1689 2290 1889 2336 Aegyptiis,
1917 2291 2003 2324 alias
2027 2303 2104 2324 cum

1098 2370 1099 2374 ,
1123 2343 1147 2377 S
1165 2342 1287 2377 Tiacis.

1097 2379 1101 2446 l
1149 2357 1164 2389 ἂ
1224 2392 1276 2426 De
1295 2392 1423 2425 talibus
1440 2393 1595 2426 consiliis
1618 2392 1653 2425 in
1673 2391 1928 2435 gubernatione
1947 2391 2106 2435 loquitur

1125 2443 1314 2484 Salomon,
1343 2455 1430 2486 quae
1461 2456 1584 2486 magna
1618 2455 1657 2476 ex
1685 2450 1782 2487 parte
1809 2444 2106 2488 anoZunpaypco-

1098 2504 1099 2532 ζ
1124 2490 1217 2539 σύνῃ
1235 2502 1267 2528 et
1283 2493 1535 2536 cupiditatibus
1553 2492 1736 2527 hominum
1755 2493 1935 2531 oriuntur,
1963 2504 2036 2524 non
2054 2493 2107 2526 lo-

1123 2546 1244 2590 quitur
1266 2546 1308 2576 de
1327 2545 1607 2579 consideratione
1627 2542 1787 2589 physica,
1814 2542 1850 2574 in
1869 2554 1936 2586 qua
1955 2542 2106 2585 plurima

1098 2603 1205 2634 ,sunt
1236 2595 1386 2629 illustria
1420 2596 1620 2630 testimonia
1650 2593 1910 2638 providentiae,
1941 2593 2109 2628 bonitatis

1097 2664 1100 2715 ὲ
1124 2654 1158 2680 et
1173 2646 1388 2691 praesentiae
1402 2644 1481 2680 Dei.
