2409 2915
245 102 342 144 1115

338 186 525 238 Numquid
545 200 568 222 a
592 184 775 222 Galilaea
801 184 913 219 veniet
936 181 1140 220 Christus?

346 258 504 292 Verbum
522 284 532 298 ,
583 267 656 289 non
705 266 853 299 persona
896 254 933 286 in
976 253 1236 298 praedicatione

246 310 433 353 Evangelii
454 307 580 352 respici
598 307 716 347 debet;
752 307 835 339 item
859 305 987 348 verbo,
1021 316 1093 337 non
1118 315 1236 348 perso-

247 375 302 401 na,
330 373 404 394 non
421 360 536 405 aliqua
555 357 687 391 carnali
702 356 905 401 apparentia
923 355 985 388 fidi
1001 355 1117 391 debet.
1145 354 1236 388 Ver-

247 415 330 446 bum
351 411 444 445 enim
464 409 600 444 domini
616 415 734 442 manet
750 408 786 440 in
803 414 996 441 aeteruum.
1045 405 1128 439 Ideo
1142 404 1234 439 Pau-

249 465 301 498 lus
320 463 382 496 ait:
411 461 478 496 Sed
498 461 561 494 etsi
577 444 933 493 novimustristuin
948 458 1141 491 secundum
1159 467 1236 489 car-

248 526 348 554 nem,
378 525 472 546 nunc
491 519 607 546 tamen
635 522 707 543 non
733 509 908 542 novimus.
961 508 1030 542 Sed
1058 519 1139 541 caro
1165 517 1238 539 non

248 565 395 598 verbum
425 564 483 596 scd
509 572 693 606 personam
717 559 878 604 respicit,
907 559 955 593 sic
972 560 1063 603 apud
1083 571 1116 592 se
1133 569 1238 601 repu-

248 623 340 650 tans:
387 613 454 647 llic
482 620 531 647 est
556 612 654 653 vilis,
691 611 864 651 abiectus,
899 611 1086 644 damnatus
1120 607 1240 648 homo,

250 678 332 710 ergo
349 677 421 699 non
446 671 495 697 est
512 676 530 697 a
546 663 635 698 Deo.
689 660 736 696 Et
751 661 955 705 praesertim
976 660 1025 694 sic
1050 670 1239 703 argumen-

249 723 343 752 tatur
374 715 525 760 populus
554 713 658 757 legis,
707 712 806 746 cuius
839 719 953 756 patres
989 711 1091 744 etiam
1121 713 1240 743 coram

249 768 384 801 mundo
401 764 585 809 glorificati
603 770 696 799 sunt.
750 762 799 797 Ita
817 763 874 796 isti
891 762 1018 795 frivolo
1034 766 1241 804 argumento

248 816 381 853 Christi
398 816 623 850 autoritatem
640 815 788 848 elevant.
840 811 870 847 E
888 812 1046 846 Galilaea
1064 818 1133 851 est,
1161 821 1242 853 ergo

249 882 322 903 nou
341 875 388 901 est
405 865 584 907 Christus,
613 865 711 911 quasi
736 866 784 898 sic
810 865 980 897 dicerent:
1016 859 1179 897 Christus
1203 873 1242 894 ex

250 917 457 953 Bethlehem
477 930 556 951 cum
582 927 706 960 magna
731 915 841 957 gloria
870 914 964 957 regio
988 913 1094 946 modo
1121 911 1242 956 prodi-

253 971 317 1005 bit.
369 968 554 1009 Secundo,
581 965 638 1000 hic
658 967 695 998 in
712 964 893 999 Christum
910 964 1076 1009 impingit
1089 961 1244 997 humana

251 1021 435 1065 sapientia.
490 1016 654 1052 Christus
673 1016 781 1050 salvat
800 1028 861 1061 per
879 1027 1014 1049 crucem
1034 1021 1066 1048 et
1084 1021 1245 1048 mortem.

250 1071 356 1106 Ratio
375 1069 531 1113 concipit
547 1076 580 1102 et
596 1068 671 1101 vult
691 1067 908 1107 salvatorem,
936 1066 997 1112 qui
1013 1078 1086 1099 non
1102 1067 1245 1099 damnet

251 1121 415 1156 carnalia.
475 1118 638 1154 Christus
668 1125 784 1152 autem
819 1118 909 1161 ignis
941 1117 1099 1151 conflans
1130 1123 1182 1150 est
1213 1122 1246 1149 et

251 1171 360 1206 herba
385 1172 583 1212 fullonum,
625 1166 780 1204 Malach.
808 1167 888 1210 lll.,
924 1169 985 1213 qui
1011 1167 1189 1202 consumit
1213 1173 1248 1200 et

252 1223 337 1258 eluit
357 1223 476 1256 omnia
494 1221 660 1256 carnalia.
715 1219 816 1263 Quae
833 1220 951 1254 omnia
969 1217 1039 1252 huc
1056 1219 1246 1263 pertinent,

254 1281 293 1309 ut
325 1275 519 1313 discamus,
566 1283 703 1306 crucem
731 1277 764 1305 et
789 1278 937 1305 mortem
964 1270 1244 1304 benedictionem

253 1337 334 1361 esse.
388 1323 434 1358 Et
457 1325 547 1358 sicut
564 1322 651 1358 Luc.
670 1320 769 1357 XVI.
785 1322 917 1367 inquit:
947 1321 1054 1365 Quod
1072 1321 1164 1355 inter
1179 1317 1246 1353 ho-

252 1377 365 1410 mines
398 1376 550 1409 sublime
581 1380 650 1415 est,
698 1373 999 1407 abominationem
1021 1383 1094 1405 esse
1127 1382 1244 1405 coram

254 1425 343 1461 Deo.

392 1472 468 1509 Sed
491 1485 594 1508 nemo
619 1473 658 1507 in
682 1485 760 1507 eum
787 1471 933 1507 coniecit
959 1484 1106 1507 manus.

357 1535 463 1578 Quod
481 1547 553 1568 non
567 1541 683 1579 posset
699 1534 795 1578 capi,
823 1534 950 1567 iterum
970 1534 1071 1566 docet
1089 1530 1248 1574 exemplo

253 1587 308 1620 sui
321 1611 329 1624 ‚
357 1597 437 1619 suos
456 1586 492 1618 in
508 1597 616 1619 manu
636 1583 703 1619 Dei
726 1596 818 1623 esse,
846 1590 885 1618 ut
902 1584 990 1617 laedi
1009 1595 1082 1616 non
1101 1581 1249 1626 possint,

256 1638 325 1671 nisi
344 1637 428 1670 vetit
446 1643 560 1681 pater,
589 1644 639 1678 et,
667 1648 747 1670 cum
775 1635 868 1676 vult,
891 1635 1020 1669 bonam
1050 1633 1158 1678 patris
1186 1644 1248 1665 vo—

262 1689 432 1723 luntatem
451 1699 535 1722 esse.

475 1751 578 1790 Num
605 1757 636 1788 et
661 1765 720 1787 vos
745 1750 886 1788 seducti
907 1751 1020 1785 estis?

357 1814 470 1849 Causa
486 1826 548 1848 cur
566 1825 638 1847 non
660 1813 804 1847 credaut
826 1812 1001 1856 principes
1024 1817 1073 1845 est
1096 1808 1250 1844 humana

260 1867 448 1911 sapientia,
485 1877 573 1910 quae
604 1865 647 1897 de
677 1865 850 1907 scriptura
884 1863 1015 1896 iudicat
1051 1861 1250 1897 carnaliter,

261 1929 340 1952 cum
365 1916 558 1959 spiritualia
589 1915 820 1959 spiritualiter
843 1915 993 1946 debcant
1020 1912 1189 1950 iudicari,
1220 1913 1250 1945 1.

258 1965 420 2003 Corinth.
441 1965 483 2001 ll.
503 1973 535 1999 ct
554 1965 752 1998 Hieremiae,
771 1964 923 1999 XXHL:
961 1964 1032 2006 Qui
1057 1962 1159 1996 habet
1179 1974 1250 1995 ser-

261 2030 400 2052 monem
428 2029 566 2054 mcum,
603 2017 767 2061 loquatur
791 2027 989 2048 sermonem
1016 2027 1131 2047 meum
1160 2026 1250 2047 vere.

262 2069 341 2104 Nou
361 2075 410 2102 cst
427 2068 509 2101 satis
526 2065 654 2101 habere
679 2067 832 2104 literam,
869 2067 935 2099 nisi
963 2073 993 2099 et
1020 2065 1251 2108 spiritualiter

261 2122 304 2154 de
321 2121 418 2154 litera
435 2119 576 2152 iudices.
633 2118 749 2163 Atque
775 2115 831 2150 hic
847 2118 962 2156 vides,
990 2118 1073 2161 quid
1097 2118 1130 2149 in
1150 2128 1250 2149 causa

262 2173 323 2212 sit,
365 2183 425 2204 cur
460 2169 562 2203 multi
594 2169 708 2203 stultis
737 2181 771 2202 se
795 2169 1060 2213 quaestiouibus
1095 2168 1252 2210 fatigent,

263 2224 435 2269 quianon
462 2221 615 2254 iudicant
645 2220 885 2264 spiritualia-r.
939 2218 1059 2251 'l'urba
1088 2217 1189 2255 haer.
1218 2219 1249 2251 iil

267 2281 315 2306 est
342 2285 425 2310 uos,
463 2283 603 2305 sensum
632 2278 793 2304 nostrum
819 2283 890 2303 uon
915 2271 1076 2303 cedemus
1100 2268 1253 2309 Christo,

264 2325 345 2370 quia
366 2325 509 2356 verbum
528 2321 590 2355 Dei
612 2321 780 2356 habemus
806 2322 888 2366 ipsis
909 2321 1127 2366 principibus
1148 2321 1201 2365 ¹¹).

474 2406 572 2441 Num
596 2405 657 2441 Iex
678 2412 805 2441 nostra
822 2404 995 2440 iudicat?
1011 2406 1054 2452 ¹³)

373 2477 488 2510 Verbo
520 2478 803 2517 redarguuntur,
837 2476 895 2520 qui
926 2476 1071 2509 verbum
1097 2475 1258 2516 allegant,

834 99 959 138 PHlL.
986 98 1103 138 MEL.
1131 97 1340 137 SCRIPTA
1369 97 1670 138 EXEGETICA.

2179 104 2277 142 1116

1287 198 1375 232 opus
1390 195 1449 223 aut
1464 189 1630 230 verbum,
1658 200 1721 224 vos
1741 197 1856 225 autem
1881 199 2068 235 personam
2092 192 2277 237 respicitis,

1287 251 1361 273 non
1379 251 1467 284 opus
1485 247 1546 274 aut
1564 241 1721 276 verbum.

1633 373 1772 428 Caput
1818 375 1936 418 V111.

1390 455 1468 490 Hoc
1493 457 1570 490 loco
1595 457 1715 502 quaeri
1743 463 1872 501 potest,
1906 465 1974 492 cur·
1990 457 2156 492 dominus
2181 463 2284 496 vetet,

1290 507 1394 540 obrui
1417 507 1662 541 mulierculam
1691 508 1761 540 nisi
1783 507 1827 541 ab
1859 509 1920 548 iis,
1948 509 2009 554 qui
2040 509 2116 542 sine
2142 515 2283 553 peccato

1291 563 1392 599 sunt,
1427 570 1505 591 cum
1533 565 1648 591 tamen
1675 558 1729 591 lex
1751 558 1989 601 constituerit,
2023 559 2127 604 plecti
2148 559 2285 593 adulte-

1293 608 1374 642 ros?
1407 607 1512 642 Anne
1529 607 1596 643 hoc
1624 609 1737 642 voluit
1760 610 1947 653 dominus,
1975 622 2047 644 non
2074 621 2173 653 posse
2198 609 2284 653 legis

1292 659 1474 693 ministros
1494 671 1587 701 esse,
1617 660 1685 693 nisi
1712 672 1790 701 eos,
1817 661 1878 705 qui
1894 660 1976 694 iusti
1993 661 2088 694 sint?
2122 659 2287 705 Respon-

1294 712 1376 744 deo:
1407 709 1448 743 In
1466 708 1533 744 hoc
1554 711 1632 745 loco
1657 711 1794 746 iusticia
1820 711 1936 745 carnis
1959 723 2038 745 cum
2061 711 2199 746 iusticia
2213 710 2288 756 spi-

1294 762 1382 795 ritus
1408 763 1600 798 confertur.
1653 761 1747 804 Quia
1771 762 1865 795 enim
1888 760 2120 806 Evangelium
2146 762 2287 807 praedi-

1295 819 1347 845 cat
1374 811 1547 846 iusticiam
1575 813 1738 856 spiritus,
1774 819 1943 858 exaequat
1965 824 2087 846 omnes
2114 810 2290 853 homines,

1296 864 1395 907 (sunt
1426 864 1520 895 enim
1545 875 1667 897 omnes
1691 863 1792 897 vacui
1817 864 1927 907 gloria
1950 863 2035 904 Dei,
2074 862 2179 898 Rom.
2206 862 2288 908 lll.)

1296 913 1397 947 Nunc
1415 911 1594 947 Pharisaei
1621 912 1710 948 hanc
1738 915 1937 953 adducunt,
1972 915 2209 948 damnandam
2235 925 2290 948 se-

1297 965 1452 998 cundum
1470 965 1601 1008 legem,
1628 973 1660 999 et
1679 977 1714 999 se
1732 965 1941 1004 iustificant,
1967 965 2065 1010 quasi
2090 965 2165 1009 lege
2190 966 2290 998 dam-

1299 1015 1376 1049 nari
1395 1028 1466 1048 non
1486 1016 1638 1060 possint,
1665 1014 1798 1050 habent
1823 1027 1857 1049 se
1875 1029 1937 1061 pro
1956 1016 2056 1050 iustis
2070 1027 2186 1050 coram
2203 1015 2290 1051 Deo.

1299 1066 1418 1110 Quare
1436 1065 1599 1100 Christus
1616 1067 1709 1111 ipsos
1726 1074 1851 1112 aequat
1876 1067 2036 1106 mulieri,
2065 1067 2208 1100 damnat
2233 1077 2292 1100 eos

1300 1118 1395 1151 iuxta
1420 1124 1525 1163 atque
1550 1116 1639 1151 hanc
1665 1118 1862 1152 mulierem.
1929 1117 2088 1152 Primum
2115 1129 2196 1161 ergo
2219 1128 2291 1151 non

1300 1166 1465 1213 prohibet
1479 1167 1642 1203 Christus
1657 1169 1894 1203 ministerium
1919 1169 2025 1212 legis,
2057 1176 2097 1203 ut
2122 1168 2293 1213 plectatur

1299 1220 1469 1253 adultera.
1521 1221 1705 1261 Secundo,
1745 1232 1808 1253 suo
1835 1220 2031 1254 ministerio
2055 1219 2187 1261 utitur,
2213 1231 2291 1253 cum

1300 1277 1469 1316 utrosque
1485 1271 1630 1304 damnat
1647 1271 1840 1305 adulteram
1860 1277 1893 1304 et
1909 1268 2128 1304 Pharisaeos.

1472 1360 1592 1397 Nemo
1612 1367 1643 1396 te
1665 1361 1938 1406 condemnat-il,
1967 1363 2124 1397 mulier?

1405 1438 1511 1481 Quod
1530 1438 1721 1481 interrogat
1739 1436 1921 1479 Christus,
1949 1450 2053 1472 nemo
2079 1450 2122 1472 ne
2147 1439 2293 1471 damna-

1303 1490 1369 1530 rit,
1405 1489 1503 1533 quasi
1529 1489 1675 1528 sentiat,
1708 1501 1742 1522 se
1765 1496 1879 1522 ratum
1904 1486 2129 1529 habiturum,
2163 1489 2191 1522 si
2217 1489 2295 1534 quis

1303 1542 1518 1573 damnasset:
1554 1539 1633 1572 ideo
1658 1539 1714 1580 fit,
1749 1540 1830 1583 quia
1854 1547 1995 1572 externa
2020 1539 2079 1572 illa
2101 1539 2297 1583 corporalis

1303 1589 1563 1624 administratio
1594 1589 1678 1632 legis
1712 1602 1784 1623 non
1809 1590 1961 1633 pertinet
1983 1591 2025 1623 ad
2049 1587 2296 1633 Evangefium,

1305 1642 1398 1687 quod
1416 1647 1466 1674 est
1482 1639 1716 1673 ministerium
1736 1641 1890 1684 spiritus.
1947 1640 2030 1674 ldeo
2045 1637 2208 1674 Christus
2224 1652 2296 1674 non

1305 1693 1437 1736 lapidat
1455 1691 1538 1737 quia
1556 1703 1627 1724 non
1645 1692 1892 1736 lapidaverunt
1909 1692 1946 1731 ii,
1970 1691 2097 1737 quibus
2112 1698 2182 1725 erat
2200 1703 2297 1725 com·

1306 1744 1410 1777 missa
1436 1743 1695 1776 administratio
1720 1743 1816 1786 legis.
1879 1742 1936 1776 lus
1961 1743 2070 1786 gladii
2095 1743 2296 1777 institutum

1306 1802 1357 1829 cst
1371 1795 1413 1828 ad
1433 1795 1599 1828 tuendam
1617 1794 1756 1827 civilem
1775 1805 1905 1838 pacem,
1930 1801 1965 1828 et
1981 1801 2205 1838 praeceptum
2221 1804 2296 1827 ma-

1305 1845 1508 1890 gistratibus
1524 1852 1562 1878 ut
1584 1845 1644 1879 illo
1668 1851 1832 1885 utantur3
1860 1845 2028 1891 additque
2053 1851 2180 1879 textus:
2217 1843 2296 1878 'Nou

1305 1897 1503 1930 miserearis
1519 1902 1581 1929 etc.
1637 1896 1766 1929 Coram
1789 1895 1862 1929 Deo
1887 1904 2002 1930 autem
2025 1907 2087 1929 nec
2105 1896 2217 1929 iustus
2236 1907 2298 1928 nec

1307 1949 1458 1981 iniustus
1483 1948 1528 1979 ob
1553 1947 1718 1979 mulctam
1747 1954 1794 1980 cst
1821 1947 1880 1992 qui
1908 1947 2083 1990 plectitur.
2137 1945 2297 1979 Primum

1306 2011 1387 2041 crgo
1405 2011 1476 2031 uon
1496 1996 1743 2030 vnltChristus
1760 2009 1831 2030 esse
1851 1998 2011 2031 minister
2030 1998 2150 2031 literae
2170 2004 2202 2031 et
2221 2009 2298 2030 cor-

1306 2050 1436 2094 poralis
1461 2048 1646 2082 ministerii
1674 2049 1769 2091 legis.
1824 2047 1960 2081 Deinde
1982 2060 2102 2082 rursus
2121 2048 2299 2082 converti-

1307 2108 1365 2135 tur
1399 2101 1440 2133 ad
1471 2112 1573 2134 suum
1609 2099 1844 2134 ministerium
1879 2100 2084 2143 praedicans
2116 2099 2298 2144 poeniten·

1307 2153 1407 2186 tiam:
1438 2150 1554 2191 Vade,
1585 2151 1652 2183 iam
1673 2151 1823 2195 amplius
1841 2151 1914 2184 noli
1934 2163 2084 2195 peccare.

1453 2242 1555 2278 Iesus
1585 2248 1704 2277 aulem
1731 2244 1892 2292 perrari!
1922 2243 1959 2277 in
1988 2248 2153 2280 montem.

1411 2321 1499 2354 Cum
1534 2323 1576 2354 de
1600 2321 1759 2355 oratione
1784 2319 1918 2354 Christi
1957 2321 2104 2355 dicitur:
2147 2320 2299 2364 primum

1309 2373 1510 2407 extenuatio
1536 2370 1666 2405 (thisti
1693 2373 1956 2418 ronsyderanda
1985 2380 2043 2405 cst.
2108 2370 2195 2405 Nam
2222 2371 2301 2405 ideo

1310 2425 1444 2463 oravit,
1471 2425 1552 2469 quia
1574 2430 1726 2456 tentatus
1752 2431 1813 2458 est.
1868 2422 2084 2456 Exn-nuntiis
2112 2430 2227 2457 aulem
2252 2431 2297 2457 est

1312 2477 1410 2512 ideo,
1439 2483 1475 2509 ut
1504 2483 1614 2517 posset
1634 2475 1803 2519 compati.
1841 2473 1948 2509 lleltr.
1970 2473 2030 2509 lV.
2066 2473 2202 2508 Deinde
2220 2485 2299 2508 ora—

269 2530 364 2574 quasi
387 2529 433 2561 sic
451 2528 557 2561 dicat:
598 2527 669 2561 Lex
694 2534 782 2561 vetat
810 2539 994 2570 personam
1021 2526 1165 2570 respici,
1199 2528 1256 2558 scd
1284 2527 1287 2558 Ι
1312 2529 1382 2568 vit,
1412 2534 1447 2559 ut
1467 2526 1518 2558 sui
1537 2526 1694 2570 exemplo
1715 2533 1744 2558 vt
1764 2537 1827 2558 uos
1844 2526 1910 2558 futu
1926 2526 2128 2563 coiitirmet.
2156 2532 2195 2559 ut
2213 2525 2299 2559 scia-

309 2632 352 2654 u)
373 2630 440 2657 ipu'e
464 2629 555 2659 princ.
575 2635 627 2652 uon
653 2629 734 2652 tuum
760 2629 842 2654 Tute„
870 2630 893 2650 ct
911 2627 1039 2650 videntur
1060 2626 1190 2657 qum-dnm
1217 2626 1257 2648 hi·-

340 2664 536 2693 praeterint-un
557 2671 627 2686 onus,

308 2699 352 2723 ts)
372 2697 422 2720 rm
444 2697 484 2720 hi·
503 2699 559 2720 Tut»
589 2699 681 2721 tnntmt:
710 2698 728 2721 A
751 2697 883 2721 nuntiam-
902 2697 1042 2726 prnphrtu
1064 2703 1116 2721 non
1138 2696 1241 2726 sur-qu.

1285 2583 1287 2601 ¹
1312 2590 1406 2615 mus,
1434 2589 1496 2610 nos
1515 2577 1671 2610 exaudiri
1686 2604 1693 2613 ,
1722 2577 1803 2621 quia
1823 2577 1894 2620 ipse
1916 2578 2099 2610 exauditus
2116 2583 2185 2611 ost.
2212 2576 2299 2610 sicut

1312 2631 1375 2662 ait:
1410 2628 1446 2661 lu
1468 2629 1602 2662 illudio
1630 2628 1664 2660 iu
1689 2629 1833 2660 nomine
1857 2641 1934 2661 mco
1958 2628 2091 2672 petetis.

2146 2626 2197 2661 De
2214 2627 2302 2672 lapi-

1284 2718 1286 2721 ι
1312 2682 1455 2713 ‹tationi-
1475 2679 1636 2713 adulti-rii
1651 2706 1657 2715 .
1687 2679 1797 2712 lmvit.
1815 2679 1891 2714 XX.
