2409 2915
375 113 458 152 ΧΙῙ.

227 198 275 235 Et
292 207 373 235 sunt
386 200 462 234 sine
478 200 552 234 ullo
578 199 702 232 dolore
722 199 765 232 de
787 199 954 242 peccatis,
981 206 1013 233 et
1032 201 1107 233 sine

126 252 198 286 ulla
224 252 462 296 poenitentia,
489 251 546 284 sed
574 249 686 282 securi
711 256 886 294 quaerunt
909 250 1106 294 voluptates

126 303 335 343 obscoenas,
362 308 394 335 et
415 307 552 345 peccata
578 300 725 342 peccatis
753 300 936 334 cumulant
953 307 1016 336 ete.
1042 304 1106 335 do-

126 365 190 386 nec
205 354 346 387 tandem
364 357 472 385 ruunt
492 350 529 383 in
549 356 730 383 aeternum
749 350 908 384 exitium.

229 411 328 445 Talis
352 416 403 443 est
431 408 502 442 vita
523 407 755 447 Pontificum,
789 406 1049 444 Canonicorum
1072 418 1105 445 et

126 463 316 496 multorum
350 459 551 501 impiorum.
620 457 756 492 Videtis
796 457 994 493 Canonicos
1032 473 1103 495 esse

124 524 262 549 coecos,
295 517 377 543 sunt
401 507 586 553 Epicurei,
629 521 693 543 nec
726 509 851 543 volunt
881 511 1004 544 audire
1038 524 1101 545 nec

123 562 316 604 intelligere
333 558 576 603 Evangelium.

219 610 343 644 Postea
362 610 408 644 ita
425 617 576 654 pergunt
594 610 630 642 in
649 609 719 643 suis
737 610 905 658 peccatis,
929 611 1102 645 idolatriis

120 668 153 696 et
180 661 410 705 libidinibus,
451 661 564 694 donec
597 672 740 705 prorsus
769 668 875 695 ruant
902 661 939 694 in
970 674 1101 706 poenas

117 718 289 747 aeternas.

219 761 315 795 Haec
335 762 476 803 omnia,
503 772 593 806 quae
618 761 687 794 iam
711 761 804 802 dixi,
831 763 920 796 hene
939 763 1098 796 conside-

117 819 211 851 rate,
238 819 271 847 et
288 819 469 857 praecepta
489 818 521 845 et
538 823 686 859 poenas,
713 818 747 846 et
762 824 824 846 vos
846 814 887 846 ad
906 813 1096 847 castitatem

116 863 283 896 tuendam
301 863 510 901 exuscitate‚
537 869 570 896 et
589 868 684 896 orate
700 861 834 902 Deum,
859 870 899 897 ut
918 875 979 897 vos
995 864 1095 897 adiu-

115 920 192 955 vet,
218 921 257 948 ut
273 913 412 957 possitis
428 924 500 946 esse
518 912 613 948 casti.

214 962 375 1007 Cogitate
398 964 522 1002 etiam,
565 975 668 1008 quam
704 964 869 997 miserum
903 964 947 997 sit
979 964 1094 997 vivere

114 1014 162 1048 ita
178 1014 216 1047 in
234 1014 444 1048 scortatione
459 1014 514 1047 vel
530 1013 723 1054 adulteriis,
740 1021 777 1048 ut
795 1015 882 1048 scias
900 1014 965 1048 tibi
981 1014 1091 1048 Deum

113 1065 235 1105 irasci,
264 1072 297 1099 et
313 1077 385 1098 non
409 1065 519 1108 possis
541 1077 619 1098 eum
645 1065 826 1103 invocare,
851 1072 884 1099 et
908 1077 972 1098 nec
994 1064 1092 1098 auxi-

113 1115 201 1148 lium
233 1127 297 1149 nec
321 1115 560 1149 defensionem
593 1126 610 1147 a
637 1114 711 1148 Deo
735 1121 869 1159 petere,
907 1122 940 1149 et
965 1121 998 1149 te
1021 1126 1094 1148 esse

114 1166 328 1209 mancipium
346 1166 490 1200 diaboli.
545 1164 643 1198 Talis
660 1165 730 1199 vita
748 1172 799 1199 est
814 1165 1020 1199 miserrima.

214 1223 310 1257 Haec
341 1224 434 1257 mala
465 1224 555 1257 serio
589 1225 742 1257 cavenda
772 1231 865 1258 sunt.
932 1222 1015 1258 Dixi
1050 1225 1093 1257 de

110 1275 277 1309 castitate.

126 116 195 152 601

395 1364 440 1400 ΙΙ.
477 1365 544 1399 De
571 1365 810 1411 Coniugio.

210 1438 283 1472 Iam
302 1445 486 1483 postquam
504 1438 576 1471 dixi
601 1438 645 1471 de
663 1437 818 1472 castitate
842 1438 934 1471 addo
959 1437 1092 1471 doctri-

107 1502 188 1524 nam
207 1491 250 1523 de
265 1487 453 1532 Coniugio.

210 1540 299 1574 Cum
327 1537 423 1572 Deus
448 1538 533 1572 velit
561 1539 712 1583 intelligi
740 1540 951 1579 castitatem,
978 1538 1092 1572 sanxit

107 1589 203 1625 hunc
226 1590 409 1628 ordinem,
436 1596 476 1623 ut
497 1590 568 1624 sint
590 1590 745 1634 copulati
770 1602 862 1624 unus
886 1590 941 1623 vir
961 1596 996 1623 et
1020 1601 1090 1623 una

105 1641 278 1681 foemina,
305 1640 600 1687 inseparabiliter.

207 1691 269 1724 Est
285 1691 392 1733 igitur
409 1690 612 1733 coniugium
632 1690 784 1733 legitima
796 1690 972 1733 copulatio
983 1690 1089 1723 unius

104 1742 211 1775 maris
227 1749 260 1775 et
282 1741 388 1774 unius
411 1740 603 1781 foeminae,
631 1740 728 1781 talis,
755 1747 793 1774 ut
817 1741 887 1774 sint
910 1740 1089 1784 insepara-

103 1793 224 1826 biliter
244 1791 364 1824 iuncti.

204 1841 249 1875 Et
275 1839 331 1874 hic
356 1840 443 1872 ordo
474 1839 655 1872 institutus
684 1846 733 1872 est
760 1839 796 1872 in
821 1839 1008 1880 paradiso,
1051 1839 1086 1874 in

104 1891 159 1926 bis
180 1892 310 1926 verbis:
345 1888 463 1923 Erunt
485 1890 555 1922 duo
581 1889 618 1921 in
644 1901 782 1922 carnem
807 1902 937 1931 unam,
964 1891 1000 1923 id
1025 1897 1086 1930 est,

102 1955 194 1978 unus
211 1954 285 1975 mas
302 1948 334 1975 et
352 1952 421 1974 una
440 1939 594 1973 foemina
613 1940 893 1984 inseparabiliter
910 1941 1034 1976 iuncti.

203 1999 294 2035 Ecce
310 1998 367 2033 hic
390 1999 459 2032 iam
480 1998 607 2032 tradita
632 2006 682 2032 est
708 1999 778 2031 lex:
814 1998 895 2032 Non
921 1997 1084 2033 moecha-

102 2052 214 2092 beris,
240 2051 322 2096 quia
341 2047 653 2094 comprehenditur
675 2050 710 2082 in
737 2047 791 2082 his
807 2049 940 2083 verbis:
967 2048 1084 2084 Erunt

102 2104 173 2136 duo
190 2101 226 2134 in
243 2112 381 2134 carnem
398 2111 518 2135 unam.
571 2099 760 2134 sitantum
777 2103 867 2144 duo,
897 2107 930 2134 et
944 2101 1084 2146 insepa-

102 2152 263 2187 rabiliter
286 2150 414 2189 iuncti,
441 2161 523 2192 ergo
551 2163 621 2183 non
648 2151 728 2185 licet
752 2150 870 2194 vagari
894 2151 938 2183 ad
955 2152 1083 2195 plures.

205 2209 248 2244 In
263 2207 330 2242 hoc
348 2208 473 2242 ordine
487 2207 581 2241 Deus
599 2209 764 2242 voluisset
786 2221 850 2242 nos
867 2208 934 2244 sibi
951 2210 1083 2243 servire

101 2263 205 2297 etiam
225 2268 328 2300 tuuc,
355 2259 382 2293 si
399 2266 522 2292 natura
539 2260 720 2293 mansisset
739 2259 883 2302 integra.

202 2311 272 2346 lam
292 2308 358 2343 hoc
375 2309 512 2347 scitote,
541 2321 618 2342 cum
638 2309 716 2342 talis
738 2309 939 2343 coniunctio
961 2309 1006 2344 sit
1025 2310 1081 2343 in-

101 2364 220 2398 stituta
238 2369 270 2395 et
296 2360 458 2394 ordinata
482 2372 499 2392 a
520 2359 611 2400 Deo,
639 2360 813 2393 discamus
836 2359 912 2393 Deo
936 2360 1080 2394 obedire

99 2415 137 2448 in
154 2412 218 2448 hac
241 2424 301 2446 sua
326 2410 570 2451 ordinatione,
597 2417 629 2444 et
651 2411 801 2444 sciamus
825 2410 930 2444 vitam
955 2411 1080 2445 coniu-

99 2465 210 2509 galem
235 2460 317 2496 Deo
341 2463 496 2510 placere,
522 2468 555 2495 et
580 2472 688 2505 genus
713 2461 802 2495 vitae
824 2468 981 2495 sanctum
1006 2473 1079 2495 esse

99 2513 343 2554 credentibus,
370 2520 403 2547 et
419 2513 499 2546 Deo
522 2512 648 2555 gratias
664 2523 824 2555 agamus,
851 2519 883 2546 et
907 2524 979 2545 non
1001 2512 1078 2546 vio-

101 2565 212 2599 lemus
243 2563 334 2598 hanc
367 2563 626 2597 ordinationem
661 2563 818 2596 divinam
844 2563 955 2596 coecis
978 2564 1076 2597 furo-

100 2615 218 2656 ribus,
256 2615 345 2649 sicut
379 2614 537 2647 fecerunt
564 2611 726 2652 Ethnici‚
767 2620 800 2647 et
829 2612 945 2647 adhuc
972 2614 1075 2648 multi

101 2665 200 2709 impii
214 2665 364 2706 faciunt,
390 2664 451 2711 qui
471 2665 565 2699 inter
579 2676 614 2698 se
630 2676 813 2710 nunquam
829 2671 911 2699 sunt
927 2677 1074 2699 concor—

509 110 898 150 ANNOTATIONES
922 110 989 148 ET
1017 110 1295 150 CONCIONES
1324 113 1372 149 lN
1400 113 1582 149 EVANG.
1610 113 1886 150 MATTHAEI.

2066 117 2140 152 602

1158 197 1238 241 des,
1275 199 1336 242 qui
1368 200 1470 233 facile
1499 199 1725 233 committunt
1748 200 1937 238 adulteria,
1973 201 2071 245 quasi
2097 202 2140 235 sit

1158 248 1263 281 ludus
1282 255 1345 283 ete.

1205 321 1214 328 ·
1261 306 1313 340 Sit
1331 319 1410 340 vera
1428 307 1620 339 reverentia
1638 306 1702 340 Dei
1721 308 1756 341 in
1774 309 1892 347 nobis,
1920 316 1951 342 et
1968 307 2059 344 hanc
2082 323 2140 344 01·-

1160 357 1376 390 dinationem
1401 356 1466 390 Dei
1500 357 1535 388 in
1564 368 1646 389 vero
1669 360 1795 391 timore
1822 361 1886 393 Dei
1915 358 2140 401 honoremus,

1157 407 1245 440 sicut
1265 408 1433 451 scriptum
1461 414 1511 440 est
1539 408 1582 439 ad
1606 405 1778 442 Ebraeos:
1814 409 2030 444 Honorabile
2050 425 2135 444 con—

1157 457 1302 501 iugium.
1355 457 1451 491 Deus
1469 458 1545 490 vult
1563 457 1722 500 agnosci,
1750 460 1844 503 quod
1868 461 2069 503 coniugium
2095 463 2138 495 sit

1157 519 1217 541 sua
1242 508 1439 549 ordinatio,
1471 509 1547 541 vult
1570 508 1724 551 singulas
1748 509 1898 542 familias
1922 522 1992 543 esse
2016 510 2138 545 Eccle-

1156 558 1239 599 sias,
1268 559 1304 591 in
1323 559 1452 603 quibus
1469 559 1691 592 concorditer
1715 559 1918 600 invocetur,
1946 568 1977 594 et
2002 561 2033 593 ei
2059 573 2137 603 gra-

1155 609 1222 642 tiae
1238 617 1398 652 agantur.
1450 608 1532 643 Ideo
1551 609 1639 642 duos
1656 610 1834 649 condidit,
1863 623 1993 643 marem
2012 618 2044 644 et
2062 613 2136 644 soe-

1154 660 1309 698 minam,
1333 666 1370 692 ut
1387 660 1430 693 sit
1449 659 1562 693 dulcis
1579 659 1741 700 societas,
1766 667 1798 694 et
1823 661 1865 695 sit
1884 659 2059 701 Ecclesia,
2087 663 2135 694 si-

1153 716 1209 743 cut
1227 710 1334 743 dixit:
1363 709 1546 743 Faciamus
1564 710 1595 742 ei
1612 709 1825 743 adiutorium
1843 712 1966 750 simile,
1995 712 2136 753 scilicet,

1151 761 1248 806 quod
1269 760 1313 794 sit
1330 760 1545 793 adiutorium
1564 771 1637 792 non
1653 761 1769 794 solum
1788 761 1822 793 in
1839 762 2074 804 generatione,
2103 770 2135 796 et

1151 811 1377 852 educatione,
1404 818 1437 845 et
1452 810 1543 844 vitae
1561 811 1753 854 corporalis
1777 812 1918 851 officiis,
1945 813 2001 845 sed
2029 813 2133 846 etiam

1153 861 1189 893 in
1216 862 1378 895 societate
1401 861 1655 902 invocationis,
1689 862 1725 894 in
1751 862 1939 902 docendis,
1972 864 2132 906 regendis

1149 912 1280 955 pueris,

1250 969 1334 1004 Ideo
1359 982 1488 1003 marem
1514 976 1547 1004 et
1569 969 1782 1010 foeminam,
1815 977 1854 1004 ut
1879 970 1922 1005 sit
1950 983 2049 1005 amor
2072 984 2131 1004 or-

1147 1019 1302 1055 dinatus.

1414 1110 1479 1147 111.
1518 1112 1586 1146 De
1610 1112 1865 1147 Divertiis.

1249 1177 1408 1212 Primum
1432 1179 1597 1212 recitetur
1618 1179 1778 1224 querela:
1812 1178 1966 1213 Dissidia
1997 1186 2029 1214 et
2061 1181 2130 1214 mi-

1148 1229 1257 1262 seriae
1282 1229 1491 1272 coniugum‚
1528 1236 1610 1263 sunt
1635 1241 1759 1273 magna
1788 1242 1868 1274 pars
1890 1231 2127 1266 calamitatum

1147 1279 1285 1322 generis
1302 1276 1468 1320 humani,
1497 1285 1531 1313 et
1547 1286 1630 1313 sunt
1645 1280 1783 1323 signum
1808 1286 1840 1314 et
1858 1293 1971 1324 poena
1996 1282 2126 1326 peccati

1147 1329 1348 1372 originalis,
1392 1331 1474 1374 quia
1503 1330 1532 1362 si
1563 1336 1688 1363 natura
1719 1328 1906 1364 hominum
1939 1344 2011 1364 non
2041 1340 2128 1365 esset

1146 1390 1258 1412 mersa
1274 1379 1311 1411 in
1327 1386 1525 1423 peccatum,
1552 1380 1672 1413 fuisset
1689 1381 1748 1413 illa
1766 1381 1911 1414 societas
1929 1382 2034 1414 unius
2051 1394 2127 1415 ma-

1147 1430 1195 1462 ris
1225 1436 1258 1463 et
1290 1430 1397 1463 unius
1427 1430 1621 1471 foeminae,
1658 1431 1761 1475 plena
1790 1431 1905 1465 mutui
1935 1433 2064 1465 amoris
2094 1440 2127 1466 et

1146 1480 1364 1521 dulcedinis,
1391 1487 1423 1514 et
1438 1481 1535 1514 nulla
1551 1481 1639 1514 facta
1655 1488 1769 1516 essent
1792 1482 1963 1522 divortia,
1992 1495 2054 1516 nec
2072 1483 2127 1516 vir

1145 1531 1250 1564 aliam
1286 1531 1558 1575 concupivisset,
1597 1543 1660 1565 nec
1698 1533 1828 1566 mulier
1859 1533 1966 1566 alium
1996 1534 2126 1574 virum,

1145 1582 1243 1615 nulla
1267 1581 1365 1622 odia,
1399 1582 1518 1616 nullae
1541 1582 1737 1615 discordiae
1760 1583 1923 1623 fuissent,
1959 1585 2016 1616 sed
2043 1585 2125 1617 laeti

1143 1632 1250 1665 simul
1267 1633 1471 1665 educassent
1493 1640 1526 1666 et
1541 1632 1742 1667 docuissent
1760 1634 1935 1674 sobolem,
1962 1640 1996 1667 et
2017 1634 2123 1667 simul

1143 1682 1333 1716 coluissent
1355 1693 1436 1715 suos
1463 1680 1624 1716 hortulos
1648 1694 1688 1715 cx
1713 1694 1834 1726 agros,
1868 1683 2016 1727 egissent
2039 1682 2124 1717 Deo

1142 1731 1288 1774 gratias,
1320 1732 1539 1766 audivissent
1559 1733 1736 1766 seniorum
1770 1733 1994 1779 sapientiam,
2031 1734 2123 1768 inter

1141 1793 1214 1815 sese
1234 1783 1276 1815 de
1295 1782 1472 1823 doctrina,
1499 1784 1542 1816 de
1560 1783 1726 1827 operibus
1735 1781 1815 1816 Dei
1831 1785 1940 1818 multa
1958 1785 2122 1819 collocuti

1141 1839 1265 1866 essent.

1243 1890 1398 1933 Quando
1416 1890 1524 1933 igitur
1538 1889 1701 1925 incidunt
1719 1891 1928 1925 domesticae
1944 1893 2122 1927 calamita-

1139 1946 1190 1973 tes
1213 1942 1494 1985 qualescunque,
1522 1940 1714 1984 cogitemus
1738 1943 1780 1975 de
1802 1949 1942 1985 peccato
1965 1943 2122 1987 originis,

1139 1991 1237 2024 etde
1260 1992 1339 2024 aliis
1363 1991 1528 2035 peccatis,
1563 2004 1651 2037 quae
1684 2004 1748 2026 nos
1782 1993 1963 2034 addimus,
1997 2001 2029 2027 et
2058 1993 2120 2029 has

1139 2041 1341 2084 coniugales
1371 2041 1529 2074 miserias
1559 2042 1709 2076 sciamus
1736 2055 1866 2087 poenas
1897 2056 1970 2077 esse
2000 2057 2119 2089 pecca-

1138 2098 1267 2126 torum.
1326 2092 1411 2125 Ideo
1435 2103 1578 2136 agamus
1606 2094 1876 2137 poenitentiam,
1919 2102 1951 2129 et
1981 2108 2119 2129 oremus

1136 2139 1250 2174 Deum
1262 2168 1271 2182 ,
1298 2149 1335 2175 ut
1353 2154 1417 2176 nos
1433 2149 1547 2187 regat,
1574 2150 1605 2177 et
1623 2144 1730 2178 simus
1747 2145 1812 2188 ipsi
1830 2145 2014 2188 vigilantes
2033 2159 2118 2179 con-

1136 2198 1188 2224 tra
1212 2192 1415 2237 diabolum,
1442 2205 1487 2227 ne
1511 2194 1606 2228 rixae
1630 2202 1803 2233 crescant,
1839 2196 1919 2239 quia
1943 2196 2117 2238 diabolus,

1137 2249 1250 2276 sumta
1275 2244 1477 2283 occasione,
1512 2257 1552 2278 ex
1582 2245 1699 2290 parvis
1725 2245 1887 2278 scintillis
1911 2257 2033 2290 magna
2061 2247 2116 2281 in-

1134 2293 1258 2327 cendia
1274 2295 1452 2330 exuscitat.

1337 2403 1391 2429 Sit
1410 2403 1524 2436 igitur
1543 2404 1627 2427 haec
1646 2401 1757 2432 prima
1777 2403 1908 2433 regula.

1233 2461 1354 2496 Sciant
1376 2463 1559 2506 coniuges,
1589 2463 1682 2508 quod
1707 2463 1751 2497 sit
1771 2463 1933 2497 voluntas
1955 2464 2044 2505 Dei,
2074 2473 2115 2500 ut

1131 2512 1333 2556 coniugium
1350 2513 1393 2547 sit
1412 2513 1518 2546 unius
1535 2514 1660 2554 maris,
1690 2520 1722 2546 et
1740 2514 1845 2547 unius
1870 2515 2042 2548 foeminae
2063 2516 2113 2549 le-

1130 2563 1250 2605 gitima
1269 2565 1493 2606 coniunctio,
1521 2571 1554 2598 et
1571 2565 1847 2605 indissolubilis,
1871 2571 1903 2598 et
1918 2567 2011 2610 quod
2036 2567 2112 2600 siue

1129 2614 1238 2648 dubio
1264 2622 1406 2658 peccent
1429 2626 1615 2658 personae,
1651 2627 1739 2660 quae
1772 2615 1938 2657 praebent
1971 2629 2109 2651 causam

1127 2664 1299 2707 divortio,
1328 2673 1364 2699 ut
1383 2665 1552 2707 adulteri,
1579 2672 1638 2699 aut
1662 2667 1866 2701 desertores,
