2409 2915
311 122 407 157 1011

312 206 381 239 sint
408 200 562 236 mansuri
591 199 722 244 publici
747 204 779 232 et
803 195 943 231 honesti
967 203 1085 231 coetus
1107 194 1296 235 Ecclesiae,

310 254 471 288 doctrina
497 258 529 285 et
548 249 796 284 ministerium.
847 247 893 282 Et
911 259 1112 292 quanquam
1129 244 1213 280 haec
1231 247 1296 280 ali-

311 305 453 350 quando
477 303 685 338 turbantur,
712 306 828 332 tamen
845 297 941 332 Deus
963 298 1113 332 subinde
1134 298 1298 332 restituit.

311 355 432 397 Agatis
466 353 570 396 igitur
594 351 721 394 gratias
745 349 819 383 Deo
845 349 998 382 servanti
1022 348 1232 387 Ecclesiam,
1266 354 1299 380 et

312 405 456 450 petatis,
484 411 521 437 ut
537 408 662 436 servet.
715 399 758 433 Et
776 398 841 433 hac
860 411 920 443 spe
935 399 1009 432 sitis
1026 399 1134 442 magis
1149 399 1300 442 diligen-

312 463 364 490 tes
380 456 417 488 in
434 454 601 488 discendo
614 479 623 493 ,
650 459 684 486 et
699 453 737 485 in
754 451 909 484 iuvanda
924 448 1081 484 Ecclesia
1099 456 1162 485 etc.

515 544 568 579 Et
585 542 724 591 hymno
743 540 838 577 dicto
855 542 991 589 egressi
1004 547 1103 578 sunl.

418 622 460 657 ln
495 620 559 654 hac
592 619 738 653 historia
771 620 813 652 ad
859 626 1015 653 montem
1051 616 1187 652 Oliveti
1221 624 1304 651 sunt

316 672 399 707 haec
418 679 569 718 quatuor
586 671 851 704 consideranda.

422 725 453 757 1.
505 722 683 756 Passionis
699 720 840 754 initium
857 720 893 752 in
909 716 976 753 hoc
992 718 1080 754 loco.

318 774 491 819 passionis
517 773 614 817 prius
636 772 768 805 dictum
794 777 864 812 est,

318 832 455 870 oportet
474 825 511 857 in
529 829 716 866 conspectu
736 833 819 857 esse.

419 878 453 910 2.
507 873 757 917 Apostolorum
772 871 958 911 securitas,
986 881 1130 904 somnus
1145 876 1179 904 et
1193 870 1285 914 suga.

420 927 455 960 3.
510 924 606 958 Petri
624 935 751 967 pugna.

421 980 454 1010 4.
508 974 700 1019 Captivitas
716 972 876 1007 Domini.

1132 717 1186 751 De
1203 729 1305 752 causa

710 1074 757 1097 De
789 1072 909 1103 primo.

419 1135 471 1169 De
494 1135 567 1179 ipsa
593 1134 767 1178 passione.

319 1187 415 1221 omni
443 1187 511 1220 vita
537 1197 638 1229 saepe
663 1195 784 1228 passus
811 1190 859 1216 est
885 1183 919 1216 in
946 1184 1050 1216 corde
1071 1195 1135 1216 suo
1161 1194 1306 1226 magnos

318 1249 467 1282 pavores
497 1243 529 1270 et
557 1236 718 1276 dolores,
751 1241 788 1268 ut
818 1232 941 1267 lohan.
966 1235 1021 1270 12.
1049 1234 1141 1267 inter
1164 1234 1306 1267 concio-
1330 1249 1332 1293 >

906 110 1030 146 PHlL.
1059 109 1174 146 MEL.
1202 110 1409 148 SCRIPTA
1436 110 1736 149 EXEGETICA.

2232 114 2333 151 1012

1449 196 1544 232 Haec
1577 199 1695 233 omnia
1729 198 1792 232 etsi
1825 209 1898 232 non
1932 198 2182 243 intelligimus,
2217 204 2336 232 tamen

1348 248 1467 293 aliquo
1491 251 1599 283 modo
1623 250 1807 293 cogitanda
1835 256 1937 290 sunt,
1964 257 2002 284 ut
2025 249 2118 290 dixi,
2145 256 2184 284 ut
2206 248 2338 292 cogite—
2387 265 2399 270 -

1322 325 1323 344 ᾗ
1348 311 1434 356 mus.
1461 298 1549 332 iram
1583 299 1649 333 Dei
1677 307 1799 335 contra
1831 307 1992 345 peccata,
2033 307 2066 334 et
2096 311 2238 344 agamus
2272 299 2338 344 ipsi

1322 382 1324 384 .
1350 357 1487 393 gratias.

1724 442 1774 467 De
1799 443 1964 469 seeundo.

1454 491 1544 528 Cum
1563 492 1740 528 Dominus
1761 501 1811 528 est
1835 495 1871 528 in
1894 502 1991 528 tanto
2008 495 2147 535 dolore,
2175 491 2340 538 Apostoli

1325 566 1328 587 3
1353 544 1555 585 dormiunt,
1584 550 1617 578 et
1640 541 1772 577 habent
1793 542 1910 579 adhuc
1932 547 2042 579 bonas
2065 556 2143 589 spes
2169 545 2212 578 de
2229 543 2341 577 victo—

1326 595 1328 619 Ι
1353 595 1423 636 ria,
1449 603 1481 628 et
1500 596 1543 627 de
1561 606 1668 638 regno
1685 596 1878 629 mundano.

1327 664 1330 715 Ξ
1453 652 1522 687 Hic
1547 654 1725 687 cernimus
1751 654 1948 698 exemplum
1966 654 2179 689 infirmitatis
2195 653 2232 686 in
2250 651 2341 686 San-

1355 704 1429 738 ctis.

1484 703 1553 748 Ipsi
1571 711 1653 738 sunt
1670 705 1904 748 negligentes,
1929 712 1963 740 et
1982 706 2019 738 in
2038 717 2155 739 errore
2172 705 2215 738 de
2233 714 2342 746 regno

898 781 1004 816 quam
1029 777 1144 803 tamen
1168 780 1306 813 semper
1328 769 1330 773 ’
1356 756 1550 789 mund³¹¹⁰¹

1459 805 1527 839 Sed
1551 806 1655 839 simul
1682 803 1748 840 hoc
1772 807 2051 847 consideremus,
2077 805 2255 840 Dominus
2278 805 2344 838 do-

1356 856 1469 890 lenter
1489 856 1682 901 alloquitur
1705 869 1784 899 e05‚
1818 864 1910 891 taxat
1935 857 2181 901 negligentiam
2207 867 2343 895 eorum,

1357 914 1390 940 et
1406 907 1596 951 praecipit,
1625 913 1664 940 ut
1680 915 1802 947 orent,
1829 920 1873 941 ne
1889 908 2021 942 intrent
2036 908 2072 942 in
2087 906 2330 941 tentationem.

1458 963 1521 999 Est
1546 967 1757 1009 negligentia
1778 966 1812 999 in
1829 967 1984 1007 Sanctis,
2012 968 2071 1000 sed
2090 973 2206 1000 tamen
2225 976 2344 1008 repre-

1311 1050 1314 1052 .
1357 1015 1545 1057 henditur,
1575 1024 1608 1050 et
1622 1018 1888 1051 commonefacti
1904 1029 2061 1058 oremus,
2088 1029 2133 1050 ne
2146 1023 2264 1050 nostra
2282 1027 2345 1048 ne·

1329 1055 1332 1119 i
1357 1068 1523 1111 gligentia
1555 1069 1659 1101 nohis
1683 1075 1824 1109 noceat,
1859 1081 1924 1102 nec
1945 1067 2117 1102 Diabolus
2141 1066 2345 1112 praecipitet

833 1132 1046 1178 Quanquam
1069 1130 1246 1165 Dominus
1269 1132 1306 1165 gn
1329 1149 1332 1172 ἱ
1357 1130 1421 1151 nos
1440 1118 1476 1151 in
1497 1118 1634 1163 aliquos
1653 1119 1830 1161 graviores
1850 1119 1981 1163 lapsus.

1459 1176 1639 1210 P1·..et·›.rea
1667 1174 1724 1210 hic
1747 1177 1915 1210 sciamus:
1944 1178 2159 1223 Quanquam
2183 1175 2346 1221 Apostoli

1357 1234 1438 1260 sunt
1470 1226 1621 1266 infirmi,
1657 1235 1774 1261 tamen
1802 1228 1836 1260 in
1860 1226 2016 1262 Ecclesia
2041 1229 2185 1263 suerunt
2209 1227 2347 1272 aliquae

319 1290 476 1321 mudum
502 1287 642 1321 damam
671 1285 774 1319 Pater
798 1285 891 1317 salva
912 1297 966 1317 me
982 1297 1020 1318 ex
1039 1282 1104 1317 hac
1119 1282 1227 1324 hom,
1254 1291 1305 1317 ιδ-
1330 1298 1331 1304 1
1359 1291 1548 1321 personae,
1585 1290 1674 1323 quae
1705 1279 1951 1313 intellexvrunt
1981 1280 2177 1324 passionem
2203 1275 2347 1318 Christi,

318 1351 398 1372 nien
419 1339 485 1370 iam
508 1339 543 1370 in
563 1343 683 1370 monte
702 1334 835 1369 Oliveti
853 1335 1041 1376 singularis
1059 1341 1109 1368 est
1126 1335 1245 1375 dolor,
1273 1342 1306 1368 et

319 1387 376 1422 hic
400 1389 565 1422 recitatur
588 1389 632 1421 ab
654 1385 838 1428 Evangelii
863 1385 1110 1428 scriptoribus,
1139 1392 1304 1430 tanquam

319 1439 506 1483 singularis
523 1449 601 1482 pars
618 1437 791 1482 passionis
806 1433 950 1470 Christi.

421 1496 518 1539 Quid
535 1503 649 1529 autem
668 1495 712 1528 sit
728 1494 790 1527 iste
807 1494 928 1534 dolor,
955 1505 1018 1527 nos
1035 1504 1107 1526 non
1123 1504 1307 1537 possumus
1331 1509 1334 1514 .

319 1549 410 1581 clare
435 1548 566 1586 dicere,
603 1545 682 1591 quia
707 1557 770 1577 nec
796 1544 968 1577 sustinere
991 1554 1184 1587 possemus.
1237 1542 1304 1576 Sed

1358 1335 1389 1361 et
1408 1329 1513 1361 simul
1533 1341 1632 1361 veros
1649 1336 1681 1362 et
1700 1340 1844 1372 magnos
1862 1331 2001 1364 dolores
2019 1342 2136 1372 passae
2152 1335 2252 1367 sunt,
2280 1327 2346 1361 sci-

1358 1379 1437 1411 licet
1457 1378 1569 1411 Maria
1590 1387 1719 1419 mater,
1747 1386 1779 1413 et
1799 1380 1873 1412 eius
1887 1392 1988 1413 soror
2006 1379 2118 1414 Maria
2136 1376 2322 1423 Cleophae.

1459 1435 1502 1469 Et
1525 1447 1662 1480 semper
1683 1443 1762 1470 sunt
1790 1437 1824 1469 in
1846 1436 2000 1471 Ecclesia
2025 1438 2154 1483 aliqui,
2181 1437 2241 1482 qui
2265 1448 2345 1470 cum

1359 1485 1502 1520 Christo
1530 1487 1724 1529 patiuntur.
1777 1487 1821 1521 Et
1845 1500 1910 1521 nos
1933 1489 1969 1521 in
1993 1491 2121 1522 nostris
2143 1486 2347 1521 afflictioni-

1361 1538 1426 1570 bus
1461 1536 1570 1569 simus
1602 1538 1846 1580 patientiores,
1891 1546 1924 1573 et
1954 1539 2146 1583 cogitemus
2174 1550 2238 1572 nos
2266 1548 2346 1572 cum

320 1599 487 1631 debemus
513 1597 671 1634 credere,
699 1595 806 1628 fuisse
830 1605 976 1637 magnos
1000 1594 1141 1627 dolores
1165 1600 1308 1636 propter
1332 1587 1334 1601 '
1359 1587 1471 1631 capite
1491 1585 1634 1621 Christo
1653 1589 1736 1633 pati.

320 1650 406 1682 iram
426 1647 490 1681 Dei
516 1649 682 1679 adversus
704 1651 841 1689 peccata
867 1651 1004 1684 nostra,
1033 1650 1116 1677 tunc
1135 1644 1225 1676 lilius
1242 1641 1306 1676 Dei

320 1699 426 1733 sensit
450 1698 584 1731 effundi
610 1698 646 1730 in
671 1708 706 1730 se
731 1696 817 1728 iram
838 1695 922 1734 Dei,
950 1700 1070 1728 contra
1088 1701 1226 1738 peccata
1243 1706 1306 1727 no-

320 1758 408 1789 stra,
435 1749 532 1794 quasi
560 1749 632 1792 ipse
653 1759 688 1781 se
712 1746 894 1792 polluisset
917 1745 987 1780 tuis
1012 1752 1045 1779 et
1069 1745 1154 1778 meis
1172 1751 1205 1778 et
1222 1745 1310 1778 alio-

320 1813 397 1834 rum
419 1800 576 1843 peccatis.

427 1850 508 1883 ldeo
531 1850 736 1883 nominatur
757 1858 868 1890 agnus
892 1845 976 1885 Dei,
1001 1845 1036 1878 id
1061 1852 1131 1885 est,
1158 1842 1311 1885 victima,

322 1903 404 1945 quia
436 1907 607 1934 mactatur
639 1901 713 1933 loco
746 1899 909 1932 aliorum.
962 1896 1005 1929 Et
1029 1895 1151 1929 Esaias
1180 1897 1311 1938 inquit:

322 1951 367 1986 Et
399 1951 514 1994 posuit
544 1949 720 1984 Dominus
752 1949 788 1981 in
821 1961 862 1981 eo
894 1947 1114 1991 iniquitatem
1149 1945 1310 1979 omnium

324 2007 500 2036 nostrum.
557 2000 661 2034 ltem:
690 1999 839 2043 Propter
861 1998 989 2031 scelera
1008 1997 1128 2042 populi
1146 1998 1212 2030 mei
1232 2010 1311 2042 per-

323 2054 412 2088 cussi
431 2064 520 2086 eum.

428 2103 520 2136 llaec
557 2101 612 2145 pia
651 2100 879 2133 meditatione
916 2099 1100 2142 cogitanda
1135 2103 1236 2137 sunt,
1278 2105 1311 2131 et

325 2155 542 2197 agnoscenda
567 2153 616 2185 ira
642 2151 704 2184 Dei
729 2158 848 2185 contra
875 2158 1026 2194 peccata.
1093 2148 1135 2182 Iit
1159 2149 1312 2191 agendae

326 2206 456 2247 gratiae
470 2204 561 2243 Deo,
590 2211 620 2236 et
633 2202 784 2235 Domino
803 2209 922 2235 nostro
943 2198 1187 2239 lesuChristo,
1216 2201 1309 2245 quod

325 2258 373 2289 sic
391 2256 469 2289 velit
489 2256 622 2287 salvare
640 2265 748 2295 genus
767 2250 975 2286 humanum,

430 2314 565 2347 Deindt¹
582 2312 728 2354 cogitate
746 2311 1026 2353 magnitudinem
1043 2309 1187 2343 doloris.
1243 2307 1311 2341 No·-

328 2378 419 2399 ccsse
444 2373 490 2397 est
518 2375 680 2403 magnum
705 2364 863 2394 «tutorem
890 2362 1015 2403 fuisse,
1050 2360 1083 2391 in
1109 2373 1177 2404 qno
1205 2360 1310 2391 resut-

326 2425 461 2450 vuntur
479 2415 567 2447 sires
586 2413 720 2451 cordis,
750 2421 781 2445 ut
803 2414 942 2453 sangnis
958 2413 1077 2445 effluat
1095 2423 1156 2454 pro
1175 2413 1310 2444 sudore,

429 2473 471 2508 Et
492 2474 562 2516 ipse
580 2479 753 2515 pte-catur:
784 2470 904 2508 Pater,
931 2471 959 2503 si
978 2470 1049 2503 ficri
1070 2476 1176 2512 potest
1198 2476 1310 2503 traus-

329 2535 379 2561 eat
414 2539 430 2558 a
464 2538 518 2557 me
545 2523 631 2556 calix
661 2523 741 2560 istc,
777 2528 1007 2554 xrrnutauwn
1034 2533 1104 2553 nun
1130 2522 1222 2564 quud
1250 2532 1312 2562 ego

330 2578 426 2611 vnto.
462 2576 519 2608 sed
549 2575 642 2619 quod
669 2582 703 2605 tn
735 2572 805 2610 vis.
839 2573 906 2607 fiat.
963 2573 1054 2607 ther
1082 2571 1170 2603 lucta
1196 2578 1311 2603 ‹nte-n-

329 2630 398 2664 dit,
426 2627 530 2659 [uisse
553 2625 722 2657 maximos
740 2624 897 2665 dolores,
924 2622 1004 2658 item
1025 2623 1252 2657 confirmatur
1270 2623 1313 2654 al»

328 2679 463 2721 angelo.

1756 1688 1802 1712 De
1835 1689 1950 1714 tertio.

1463 1739 1570 1774 Aliud
1597 1747 1776 1784 peccatum
1795 1742 1830 1774 in
1852 1742 2031 1785 Apostolis
2049 1743 2225 1787 pingitur,
2251 1744 2346 1789 quod

1361 1791 1463 1825 valde
1485 1803 1586 1835 saepe
1607 1791 1731 1824 accidit
1750 1791 1784 1824 in
1804 1791 1968 1826 Ecclesia.
2024 1793 2198 1827 Volumus
2215 1795 2250 1827 in
2268 1807 2347 1837 per-

1336 1889 1338 1894 .
1362 1843 1541 1875 secutione
1568 1853 1741 1886 pugnare,
1769 1851 1800 1876 et
1824 1842 2056 1885 l-Zvangetium
2084 1845 2201 1888 gladio
2225 1846 2347 1879 desen-

1336 1895 1456 1928 ldere.
1511 1891 1559 1925 lta
1585 1892 1710 1926 Petrus
1742 1894 1880 1937 stringit
1912 1896 2086 1938 gladium,
2121 1902 2151 1929 et
2178 1896 2346 1940 praecidit

1336 1933 1338 1988 l
1362 1956 1462 1977 servo
1485 1943 1699 1981 auriculam,
1727 1951 1760 1978 et
1787 1942 1888 1978 habet
1916 1944 2004 1979 hanc
2030 1946 2233 1989 opinionem
2251 1949 2345 1991 quod

1362 1992 1524 2029 Christus
1553 1994 1595 2027 sit
1629 1994 1811 2035 fugaturus
1834 2008 1973 2033 ornnes,
2011 1997 2092 2041 quia
2114 2009 2237 2030 omnes
2260 1998 2346 2043 lapsi

1363 2052 1480 2085 erant,
1508 2057 1587 2078 cum
1604 2043 1766 2078 Christus
1785 2057 1843 2079 cos
1861 2047 2110 2091 alloqueretur.

1464 2103 1575 2146 Saepe
1600 2104 1728 2137 similia
1754 2105 1840 2138 iacta
1863 2114 1962 2145 sunt=
1991 2115 2019 2139 et
2040 2107 2119 2141 fit-nt
2140 2107 2287 2147 similia,
2309 2115 2348 2142 ut

1363 2153 1605 2193 Monetarius,
1635 2154 1776 2195 Straus.
1804 2163 1836 2190 et
1861 2157 1920 2190 alii
1947 2158 2109 2192 volebant
2129 2159 2247 2202 gladio
2266 2172 2346 2202 pro-

1363 2217 1486 2249 pagare
1503 2205 1749 2249 lixangelimn.

1465 2264 1543 2297 Non
1564 2265 1644 2297 volo
1661 2274 1776 2299 autem
1793 2266 1860 2298 iam
1880 2266 1974 2312 loqui
1994 2269 2035 2299 de
2049 2267 2251 2312 Principum
2269 2270 2348 2302 uffi-

1364 2315 1417 2348 cio
1430 2342 1438 2355 ,
1466 2317 1524 2348 sed
1544 2316 1586 2348 dc
1602 2317 1718 2348 offici.»
1737 2318 2014 2360 prat-«litantium
2035 2320 2114 2351 volu
2132 2319 2239 2364 loqui.

1466 2365 1541 2399 lloc
1565 2367 1795 2399 certissimum
1822 2375 1889 2406 est,
1925 2380 1988 2401 nos
2011 2371 2248 2411 praedicantes
2275 2383 2347 2405 nou

1337 2417 1489 2459 v‹lo-here.
1521 2418 1637 2460 gladio
1674 2430 1846 2462 pugnare,
1892 2427 1921 2452 ct
1951 2421 2048 2454 addit
2082 2417 2138 2454 hic
2172 2419 2347 2455 Dominus

1337 2479 1339 2507 J
1365 2469 1531 2510 rcgttlattt.

1465 2519 1536 2561 Qui
1555 2519 1708 2559 gladium
1726 2521 1908 2564 acceperit,
1933 2522 2048 2563 gladio
2067 2522 2204 2567 peribit.
2247 2521 2346 2556 Han·-

1366 2570 1518 2610 regulam
1553 2570 1673 2603 scitote
1705 2583 1775 2603 nou
1808 2583 1879 2604 esse
1913 2572 2051 2606 inanem
2077 2574 2251 2612 sonitum.
2285 2577 2347 2608 sed

1365 2633 1445 2653 ver«-
1468 2621 1516 2653 sic
1533 2621 1618 2654 steri.
1674 2620 1767 2654 Deus
1787 2624 1993 2663 rogat-riter
2014 2637 2134 2657 omnes
2153 2622 2348 2659 homicidas

1366 2669 1512 2705 retrahit
1533 2673 1575 2705 ad
1602 2684 1769 2716 poenam,
1797 2674 1932 2708 etiamsi
1959 2675 2178 2719 magistratus
2200 2687 2259 2709 eos
2276 2689 2347 2710 non
