2409 2915
70 97 145 134 469
603 92 686 131 ΧΠ.

170 181 299 221 arbor,
328 190 419 229 quae
436 177 791 226 nonfacitsruclum
809 176 959 216 bonum,
983 188 1047 211 ex-

171 231 323 273 ciditur,
351 237 380 265 el
398 231 435 264 in
453 231 570 275 ignem
588 228 756 264 nn‘ttitur.

119 282 207 329 Ego
238 281 381 331 quidem
413 280 559 326 baptizo
593 291 653 312 vos
679 291 778 326 aqua
803 277 841 310 in
864 277 1047 324 poeniten-

171 334 279 368 tiam:
307 332 372 379 qui
385 335 503 364 aulem
519 333 599 376 post
617 341 669 362 me
688 333 855 362 venturus
873 332 940 368 est,
959 327 1047 375 sor-

172 385 244 418 tior
268 394 320 416 me
345 386 410 420 est,
439 381 539 414 cuius
563 392 635 413 non
657 392 738 413 sum
756 378 891 424 dignus
911 378 1047 411 calcia-

171 438 290 469 menta
321 436 485 478 portare,
523 429 608 477 Ipse
634 442 693 464 vos
729 428 932 475 baptizabit
959 428 1047 475 Spi-

171 484 243 518 ritu
269 487 395 516 sancto
426 487 456 515 et
483 481 581 526 igne,
614 481 714 515 cuius
741 479 981 514 ventilabrum
1008 479 1046 512 in

170 546 283 568 manu
311 545 398 574 sua,
433 537 463 566 et
491 529 750 579 permundabit
779 543 905 564 areum
928 542 1047 571 suam,

171 589 202 618 et
234 582 466 629 congregabit
491 583 649 616 triticum
672 595 779 616 suum
805 582 843 615 in
866 579 1045 617 borreum,

167 633 299 682 paleas
314 639 434 667 aulem
451 633 628 667 comburet
646 633 728 679 igne
743 631 1031 678 inextinguibili.

120 699 260 748 Septem
279 707 360 735 sunt
378 701 443 734 loci
464 700 652 745 praecipui.

223 768 250 801 Ι.
304 768 378 801 Cur
395 769 501 802 festus
520 768 592 800 dies
609 767 786 811 Baptistae
802 767 1004 801 celebretur.

222 818 269 855 ΙΙ,
322 819 374 852 De
391 816 699 866 specieEcclesiae,
723 825 754 851 et
769 819 944 861 quomodo
955 817 1047 851 Deus

275 881 350 902 eam
366 870 515 903 subinde
531 876 693 910 renovet,
719 880 763 901 ne
780 867 972 902 humanum
991 879 1046 911 gv-

274 931 340 953 nus
359 927 471 954 totum
490 926 616 964 pereat.

223 969 288 1004 Ill.
340 971 396 1004 De
414 970 582 1014 peculiari
601 970 784 1003 vocatione
800 975 833 1003 et
849 969 962 1003 officio
980 967 1049 1001 Ba-

273 1021 409 1064 ptistae.

221 1069 306 1106 llll.
344 1071 396 1105 De
419 1078 490 1105 tota
513 1071 587 1104 eius
612 1071 787 1105 doctrina:
826 1070 954 1105 Docuit
977 1081 1048 1102 non

277 1122 391 1155 solum
407 1121 535 1164 legem,
562 1123 621 1154 sed
638 1122 741 1155 etiam
758 1119 989 1163 Evangelium
1008 1120 1049 1152 de

277 1170 440 1212 Christo,
475 1172 700 1205 concionatus
725 1179 774 1205 est
797 1173 840 1204 de
867 1171 1050 1215 poeniten-

277 1223 323 1256 tia
336 1247 344 1260 ,
372 1223 415 1255 de
433 1223 500 1255 fide
518 1222 555 1254 in
573 1220 771 1262 Christum,
799 1228 832 1254 et
848 1221 1051 1254 remissione

277 1279 510 1316 peccatorum.
570 1273 680 1305 Addit
713 1279 745 1305 ct
775 1272 979 1305 concionem
1009 1273 1051 1302 de

277 1322 381 1355 bonis
403 1322 583 1364 operibus,
611 1323 653 1353 de
671 1322 761 1354 vitae
778 1321 962 1361 generibus
975 1345 982 1359 ,
1010 1322 1052 1352 de

278 1372 481 1405 discrImine
507 1371 694 1404 moralium
713 1382 879 1414 operum,
908 1377 940 1403 et
958 1382 1061 1412 cere-K

277 1422 495 1455 moniarum:
544 1421 696 1466 denique
739 1422 805 1454 suit
848 1427 1053 1464 repurgator

277 1472 476 1512 doctrinae,
505 1478 538 1506 et
559 1472 716 1505 incoator
737 1471 921 1516 baptismi,
949 1477 982 1504 et
998 1482 1052 1504 re-

278 1523 362 1566 cipit
379 1529 509 1565 gentes.

226 1571 269 1605 V.
323 1570 498 1607 Iohannes
520 1579 569 1606 est
591 1573 685 1606 testis
709 1572 888 1605 doctrinae
911 1573 953 1605 de
971 1571 1053 1604 Tri-

279 1623 404 1661 nitate,
431 1624 513 1656 item
532 1624 573 1655 de
589 1623 725 1656 duabus
744 1624 878 1655 naturis
896 1623 933 1655 in
950 1620 1054 1656 Chri-

280 1679 349 1706 sto:
391 1674 542 1718 denique
580 1671 749 1706 lobannis
781 1670 927 1706 historia
960 1684 1054 1705 com-

280 1723 444 1768 plectitur
461 1735 583 1757 omnes
601 1723 766 1756 articulos
783 1723 874 1756 fidei.

229 1772 291 1807 VI.
343 1773 414 1808 Cur
443 1774 551 1807 dicat:
589 1772 664 1816 Ego
692 1773 832 1817 baptizo
864 1784 925 1806 vos
957 1784 1057 1817 aqua,

280 1826 339 1857 sed
365 1825 425 1869 qui
450 1831 527 1868 post
549 1836 603 1857 me
627 1824 761 1865 veniet,
788 1823 978 1867 baptizabit
997 1834 1057 1856 vos

279 1873 415 1919 Spiritu
432 1881 550 1908 sancto
569 1881 601 1907 et
618 1874 704 1917 igni.

231 1923 310 1960 vlt.
363 1924 415 1957 De
437 1926 531 1958 victu
556 1925 650 1968 eius,
679 1925 721 1958 de
745 1931 901 1970 tempore
920 1923 1058 1968 praedi-

281 1975 446 2018 cationis,
474 1982 507 2009 εἰ
523 1976 565 2009 de
582 1987 665 2009 nece
682 1975 767 2010 eius.

473 2084 518 2109 De
549 2083 667 2114 primo.

185 2140 257 2174 Etsi
282 2137 436 2173 Ecclesia
459 2137 526 2172 Dei
552 2147 601 2172 est
625 2140 746 2182 exigua
771 2150 850 2183 pars
874 2136 1061 2173 hominum

84 2202 247 2235 oppressa
274 2190 311 2222 in
335 2190 469 2222 mundo
493 2196 525 2222 et
548 2190 687 2222 misera:
718 2190 861 2232 imperia
879 2201 961 2222 vero
977 2188 1064 2221 emi-

84 2248 170 2274 nent
191 2248 225 2275 et
247 2239 530 2283 conspiciuntur,
559 2246 592 2273 et
617 2240 860 2273 existimantur
876 2251 947 2272 esse
965 2250 1066 2282 prae·-

85 2292 188 2337 cipua
211 2298 245 2325 et
262 2289 570 2324 ssorententissima
590 2301 669 2333 pars
687 2290 822 2333 generis
841 2288 1006 2328 humani,
1034 2295 1067 2322 et

86 2343 134 2377 ita
157 2347 367 2375 convertunt
389 2341 425 2373 in
449 2351 484 2373 se
506 2337 691 2373 hominum
716 2340 853 2379 oculos,
887 2346 927 2372 ut
949 2338 1067 2373 existi-

87 2399 185 2426 ment
207 2390 388 2429 homines,
415 2397 475 2424 aut
497 2402 631 2423 summa
655 2391 801 2434 imperia
825 2389 898 2424 Deo
923 2390 1068 2433 placere,

89 2449 148 2477 aut
171 2442 300 2486 negligi
323 2448 434 2475 totum
459 2452 568 2484 genus
592 2438 808 2481 humanum,
834 2447 950 2473 tamen
974 2439 1068 2474 Deus

89 2493 165 2527 vult
181 2494 284 2527 etiam
303 2503 400 2525 suam
417 2490 609 2525 Ecclesiam
627 2491 663 2524 in
681 2492 814 2524 mundo
833 2490 968 2528 audiri,
995 2490 1070 2523 vult

91 2543 206 2577 lucere
224 2541 389 2576 noticiam
412 2542 454 2574 de
474 2540 559 2576 Deo.
613 2541 695 2576 ldeo
718 2541 911 2585 praecepit,
939 2548 978 2575 ut
1002 2541 1071 2574 sint

93 2593 231 2636 publica
256 2592 468 2637 praedicatio
492 2599 524 2626 et
547 2592 718 2625 confessio
743 2593 944 2632 doctrinae,
978 2598 1010 2624 et
1033 2597 1071 2624 ut

96 2654 157 2687 per
186 2644 271 2678 tales
301 2652 503 2685 congressus
533 2648 566 2676 et
598 2654 788 2688 panegyres
818 2643 975 2676 tradatur
1007 2642 1071 2675 do-

736 88 1127 127 ANNOTATIONES
1166 89 1215 125 IN
1248 90 1542 131 EVANGELIA.

2005 97 2078 135 470

1099 176 1209 211 ctrina
1232 177 1372 220 publica
1394 191 1476 212 voce
1493 178 1658 223 posteris,
1685 192 1746 216 nes
1762 181 1831 218 sint
1846 191 1973 219 secreta
1991 197 2075 221 cou-

1098 227 1292 268 venticula‚
1320 229 1357 260 in
1381 229 1508 273 quibus
1533 231 1684 265 latebrae
1709 235 1896 276 praebeant
1921 237 2074 270 occasio-

1098 289 1176 310 nem
1200 279 1475 321 corrumpendae
1499 280 1680 315 doctrinae
1701 290 1733 316 et
1750 285 1827 317 aliis
1842 286 1941 319 malis
1957 288 2074 322 rebus.

1099 327 1262 372 Denique
1293 339 1370 360 cum
1395 335 1518 362 natura
1544 327 1697 364 humana
1724 335 1905 378 praecipue
1933 338 2073 372 condita

1098 379 1141 412 sit
1169 379 1211 410 ad
1240 378 1487 411 celebrandum
1510 378 1642 421 Deum,
1674 382 1900 418 iustissimum
1927 395 1977 421 est
2003 400 2074 421 esse

1099 428 1257 473 publicos
1283 435 1418 468 coetus,
1448 429 1484 462 in
1503 430 1631 474 quibus
1648 431 1839 466 doceantur
1855 433 2013 471 homines
2031 440 2075 471 de

1098 480 1186 519 Deo,
1212 485 1244 511 et
1259 491 1328 511 una
1346 479 1504 513 omnium
1521 492 1604 514 voce
1620 481 1802 516 invocetur
1811 482 1916 519 Deus.
1958 487 2076 530 Quare

1099 536 1132 563 et
1146 526 1308 563 Christus
1323 541 1448 572 magno
1465 530 1664 565 testimonio
1681 533 1820 567 ornavit
1835 531 1898 568 hos
1914 548 2076 580 congres-

1099 592 1172 614 sus:
1207 579 1418 624 Ubicunque
1446 587 1527 613 sunt
1549 581 1619 615 duo
1644 589 1704 616 aut
1727 590 1795 617 tres
1817 588 2015 631 congregati
2039 589 2076 621 in

1100 631 1243 664 nomine
1261 641 1356 670 meo,
1384 630 1433 663 ibi
1452 642 1510 664 ero
1528 631 1565 663 in
1584 633 1698 666 medio
1716 646 1850 669 eorum.

1200 679 1296 713 Haec
1316 687 1366 714 est
1391 681 1503 724 prima
1529 693 1648 723 causa,
1674 695 1735 717 cur
1756 685 1832 718 festi
1852 686 1926 720 dies
1944 687 2079 723 divini-·

1101 738 1155 765 tus
1180 731 1332 764 instituti
1358 731 1438 765 sint.
1494 730 1603 765 Porro
1627 732 1705 766 illas
1722 732 1877 769 ethnicas
1893 738 2078 781 opiniones

1100 781 1323 822 abiiciamus,
1350 782 1465 814 ocium
1480 781 1550 814 diei
1565 790 1597 817 et
1611 795 1755 828 pompas
1769 796 1841 818 esse
1857 787 1987 821 cultum
1999 788 2078 826 Dei.

1101 832 1170 866 Sed
1199 832 1286 864 alios
1316 832 1400 864 fines
1430 844 1657 877 quaeramus,
1687 834 1836 875 scilicet,
1869 843 1909 871 ut
1940 840 2078 882 publice

1101 883 1294 916 doceantur
1314 879 1490 923 homines,
1523 889 1556 917 et
1578 884 1637 917 fiat
1660 884 1799 927 publica
1823 888 1993 922 confessio
2016 891 2080 923 do-

1102 933 1253 971 ctrinae,
1279 939 1311 965 et
1328 932 1522 973 invocatio,
1550 933 1754 968 abiiciamus
1770 943 1803 970 et
1820 933 1913 971 hunc
1927 950 2080 973 errorem

1102 983 1306 1026 simpliciter
1332 980 1509 1015 ethnicum
1535 983 1578 1016 de
1601 983 1825 1019 invocatione
1847 995 2079 1025 mortuorum.

1103 1033 1183 1067 Non
1209 1033 1404 1066 celebratur
1428 1033 1553 1066 festum
1573 1032 1768 1078 Baptistae,
1795 1043 1834 1070 ut
1851 1038 1923 1081 ipse
1940 1039 2082 1074 invoce-

1104 1091 1177 1124 tur,
1213 1084 1272 1116 sed
1295 1090 1333 1117 ut
1356 1083 1496 1127 publice
1519 1083 1709 1126 discamus,
1737 1087 1823 1130 quid
1846 1088 1889 1122 sit
1913 1089 2083 1133 Ecclesia,

1105 1135 1281 1180 quomodo
1292 1133 1384 1167 Deus
1399 1134 1548 1167 subinde
1561 1135 1695 1168 miserit
1711 1136 1971 1181 instauratores,
1993 1154 2083 1186 quo-

1105 1186 1209 1218 modo
1234 1191 1373 1226 regatur
1394 1183 1569 1225 Ecclesia,
1598 1191 1630 1218 et
1652 1192 1691 1219 ut
1708 1186 1786 1221 Deo
1812 1200 1874 1231 pro
1898 1187 1953 1223 his
1976 1191 2084 1225 bene-

1105 1236 1191 1268 ficiis
1221 1234 1348 1277 gratias
1379 1245 1531 1276 agamus.
1581 1234 1686 1277 Item,
1719 1244 1759 1272 ut
1789 1239 1962 1274 discamus
1995 1254 2084 1287 quae

1105 1285 1210 1318 suerit
1241 1290 1440 1317 sanctorum
1465 1285 1636 1320 doctrina.
1699 1285 1805 1329 Item,
1836 1296 1876 1325 ut
1900 1291 2084 1327 confirme-

1107 1346 1185 1367 mur
1201 1334 1359 1378 ipsorum
1377 1334 1586 1368 testimoniis
1602 1342 1636 1369 et
1650 1338 1827 1382 exemplis.

1472 1433 1519 1458 De
1551 1435 1718 1461 secundo.

1207 1481 1285 1518 Etsi
1316 1484 1509 1519 offenditur
1538 1483 1691 1520 humana
1724 1489 1849 1530 mens,
1883 1502 1961 1524 cum
1990 1495 2088 1529 audit

1108 1533 1299 1568 Ecclesiam
1316 1535 1382 1567 Dei
1400 1547 1536 1578 semper
1551 1537 1652 1569 valde
1670 1538 1833 1581 exiguum
1850 1548 1988 1576 coetum
2006 1556 2088 1585 esse,

1108 1586 1136 1618 si
1155 1586 1355 1618 conseratur
1370 1586 1412 1618 ad
1431 1585 1601 1631 reliquam
1621 1588 1903 1632 multitudinem,
1930 1599 1962 1626 et
1979 1595 2088 1628 multa

1109 1642 1229 1669 contra
1254 1635 1496 1679 disputantur,
1528 1642 1645 1670 tamen
1670 1638 1818 1672 sciamus
1840 1653 1920 1675 vere
1944 1654 2015 1675 rem
2041 1645 2089 1678 sic

1110 1698 1143 1718 se
1160 1683 1309 1725 habere,
1336 1691 1369 1718 et
1386 1696 1523 1718 causam
1541 1696 1613 1718 esse
1630 1687 1826 1730 exiguitatis
1843 1690 1952 1734 ipsam
1973 1692 2089 1728 bomi-

1111 1748 1194 1768 num
1219 1735 1414 1776 maliciam,
1441 1735 1500 1779 qui
1524 1736 1668 1769 verbum
1687 1749 1704 1770 a
1721 1737 1795 1773 Deo
1814 1741 1915 1775 certis
1933 1744 2091 1778 testimo-

1111 1786 1180 1819 niis
1202 1786 1388 1827 traditum,
1415 1786 1470 1818 vet
1492 1786 1691 1830 negligunt,
1719 1790 1774 1822 vel
1788 1792 1986 1836 petulanter
2001 1795 2092 1829 abii-

1111 1837 1222 1870 ciunt.

1212 1884 1259 1920 Et
1285 1885 1466 1919 considera
1488 1887 1684 1931 exemplum
1710 1889 1747 1923 in
1772 1890 1848 1935 ipso
1872 1895 2004 1938 populo
2030 1897 2094 1931 Iu-

1114 1939 1301 1977 daeorum,
1329 1936 1365 1968 in
1392 1948 1461 1981 quo
1486 1943 1559 1970 erat
1580 1949 1660 1971 vera
1684 1936 1837 1975 Ecclesia
1861 1941 1948 1985 Dei,
1977 1953 2091 1981 tamen

1113 1988 1225 2021 maior
1239 1986 1430 2020 multitudo
1445 1986 1511 2019 suit
1528 1987 1730 2031 impiorum.
1764 1990 1840 2026 Rex
1849 1991 2006 2029 Herodes
2023 2006 2095 2032 erat

1115 2038 1255 2085 impius,
1282 2043 1314 2070 et
1330 2036 1503 2070 deleverat
1520 2038 1746 2082 praecipuum
1762 2043 1950 2078 concilium
1963 2049 2095 2091 populi.

1117 2089 1176 2133 qui
1193 2088 1407 2120 vocabantur
1416 2084 1629 2129 Sanhedrin‚
1655 2090 1813 2126 doctores
1829 2102 1927 2129 erant
1940 2097 2096 2132 distracti

1116 2140 1238 2172 intres
1253 2143 1371 2172 sectas.
1412 2136 1523 2172 Erant
1536 2137 1735 2174 Zadducaei
1751 2145 2034 2186 arrogantissimo
2052 2149 2097 2181 ti-

1117 2189 1209 2229 tulo,
1236 2188 1334 2232 quasi
1355 2188 1467 2227 dicas,
1495 2187 1703 2231 Iusticiarii,
1727 2193 1787 2236 qui
1803 2205 1944 2236 prorsus
1961 2198 2098 2232 reiicie-

1119 2240 1205 2273 bant
1226 2235 1437 2282 Prophetas,
1464 2245 1497 2272 et
1521 2250 1559 2272 ex
1585 2241 1737 2282 professo
1762 2243 1997 2281 defendebant
2023 2249 2099 2294 epi-

1120 2300 1239 2324 cureas
1261 2289 1465 2333 opiniones:
1500 2290 1672 2331 negabant
1698 2292 1832 2327 animas
1858 2306 1930 2329 esse
1952 2298 2098 2332 immor-

1120 2340 1223 2373 tales:
1267 2340 1441 2382 negabant
1478 2345 1511 2372 et
1549 2341 1837 2377 resurrectionem
1867 2354 2099 2386 mortuorum.

1122 2389 1212 2433 Quis
1232 2397 1347 2424 autem
1371 2401 1444 2421 non
1468 2389 1631 2430 miretur,
1657 2391 1693 2424 in
1717 2394 1847 2437 populo
1864 2395 1926 2429 Dei
1942 2398 2101 2433 defensos

1122 2452 1193 2474 esse
1216 2440 1301 2474 tales
1324 2441 1478 2480 furores,
1506 2447 1537 2473 et
1561 2440 1702 2485 quidem
1725 2451 1904 2487 praetextu
1920 2447 2101 2484 doctrinae

1122 2491 1258 2525 Moisi?

1225 2540 1297 2575 Alii
1315 2547 1429 2574 autem
1448 2547 1545 2574 erant
1563 2538 1759 2582 Pharisaei,
1785 2543 1819 2576 id
1839 2553 1905 2587 est,
1932 2548 2105 2594 interpre-

1124 2599 1192 2630 tes,
1225 2592 1285 2637 qui
1315 2599 1430 2625 tamen
1462 2591 1660 2623 retinebant
1693 2590 1905 2641 Prophetas,
1940 2601 2106 2636 desende—

1125 2643 1211 2676 bant
1248 2642 1384 2675 animae
1415 2640 1714 2674 immortalitatem
1744 2650 1777 2677 et
1807 2651 2108 2693 resurrectionem,

1425 2689 1505 2723 30*
