2409 2915
277 101 326 137 57
873 87 997 124 PHIL.
1026 86 1141 124 MEL.
1169 87 1377 125 SCRIPTA
1406 87 1706 127 EXEGETICA.
1821 118 1823 120 -
2255 93 2306 128 68

277 188 360 222 ciles
377 194 491 221 tamen
504 207 514 227 ,
542 189 573 215 et
591 178 809 214 adversarios
826 176 1020 221 pertinaces
1034 182 1068 210 et
1081 175 1263 208 insanabi-

278 239 337 272 les.
398 236 543 270 Necesse
573 239 622 265 est
648 235 765 262 autem
791 234 946 273 pastores
971 227 1102 260 servire
1124 225 1263 259 meliori

1317 175 1444 217 rixari,
1470 177 1560 212 sicut
1586 177 1842 221 elegantissime
1863 176 1997 210 dictum
2022 182 2074 210 est
2096 176 2134 210 in
2160 176 2307 211 Graecis

1316 228 1493 262 versibus:
1529 228 1679 263 Duobus
1703 228 1921 267 dicentibus,
1947 239 2027 260 cum
2048 227 2136 261 alter
2159 236 2209 262 est
2235 228 2307 261 ira-

277 287 386 333 parti,
402 286 462 320 ubi
481 295 546 317 vox
563 280 744 315 doctrinae
763 280 967 322 incorrupta
987 278 1117 311 refutat
1133 278 1262 310 adver·
1289 311 1292 332 ι
1316 285 1390 317 tus,
1417 279 1478 324 qui
1497 291 1571 313 non
1588 279 1826 314 contratendit
1846 279 2018 319 dicendo,
2032 277 2228 322 sapientior
2243 287 2304 314 est.

277 339 397 372 sarios.
450 334 494 368 Et
519 332 555 366 hi
578 332 781 365 discernant
803 329 997 363 maledicta.
1060 325 1141 361 Alia
1172 328 1262 361 lace-

276 395 356 423 rant
389 385 606 424 doctrinam,
644 381 713 416 alia
744 381 943 415 deformant
975 389 1163 423 personam
1198 380 1263 411 do-

276 446 589 521 ⁶²¹¹¹¹3Iandamm
607 491 658 518 est
676 490 789 517 autem
808 482 851 514 de
868 479 1029 514 doctrina
1052 479 1262 513 illustranda

275 550 307 573 et
326 537 594 584 propugnanda.
647 538 681 570 2.
699 533 794 566 Tim.
817 532 864 565 1.:
895 530 1093 564 Honestum
1121 529 1262 574 deposi-

275 598 350 625 tum
366 588 502 623 custodi
523 599 583 631 per
598 584 771 628 Spiritum
790 589 962 620 sanctum,
989 579 1208 614 habitantem
1227 581 1263 613 in

273 642 388 674 nobis.
449 638 505 673 Ad
540 637 662 669 Titum
693 635 742 669 1.:
778 632 919 676 Quibus
953 637 1092 675 oportet
1124 643 1163 665 os
1199 632 1263 664 ob-

275 699 422 726 struere.
477 686 522 721 Et
547 686 698 719 ibidem:
728 683 940 718 Convincito
959 693 1017 715 eos
1033 694 1162 715 severe.
1217 680 1263 715 Et

273 743 316 775 ad
342 741 464 775 Titum
483 739 535 771 2.:
564 736 776 772 Convincito
801 747 880 768 cum
905 733 1003 766 omni
1030 733 1199 777 imperio,
1225 733 1259 764 id

274 799 343 830 est,
369 789 587 835 praecipiens
611 797 770 832 expressa
796 785 1070 823 asseveratione,
1098 790 1135 817 ut
1153 784 1261 816 verbo

274 842 525 877 assentiantur.

376 892 540 935 Pugnent
558 895 674 923 autem
701 888 744 921 de
761 887 867 920 rebus
883 885 1088 919 necessariis
1100 912 1108 926 ‚
1136 891 1168 918 et
1187 891 1260 918 stu-

273 945 381 978 deant
397 952 572 976 assumere
588 939 747 972 infirmos
764 938 799 970 in
820 937 887 970 fide
900 965 908 977 ,
924 944 963 970 ut
982 936 1113 969 Paulus
1132 936 1259 981 inquit,

271 1001 306 1029 et
324 995 514 1037 adiungere
538 991 720 1033 studeant,
749 1001 821 1022 non
847 989 991 1022 turbent
1016 987 1259 1030 dissipationi-

271 1047 338 1079 bus
367 1042 688 1081 inextricabilibus,
732 1051 844 1085 neque
876 1039 1031 1072 alienent
1061 1037 1259 1072 acerbitate.

271 1095 412 1130 Privata
430 1101 545 1129 autem
567 1091 724 1126 convicia
742 1097 802 1124 aut
822 1091 976 1123 modeste
998 1089 1169 1133 refutent,
1199 1095 1256 1121 ant

270 1148 419 1181 omnino
436 1149 675 1190 praetereant,
701 1143 790 1175 sicut
812 1141 848 1173 in
864 1140 1004 1174 Psalmo
1023 1140 1169 1174 dicitur:
1202 1139 1258 1173 llli

269 1196 500 1232 detrahebant
516 1192 621 1236 mihi,
648 1205 710 1237 ego
730 1199 844 1226 autem
862 1193 1017 1226 orabam.

374 1247 414 1281 In
431 1248 509 1280 aliis
525 1252 640 1279 autem
661 1243 805 1289 privatis
827 1243 1092 1286 congressibus,
1120 1243 1256 1276 Docto-

267 1311 324 1333 res
339 1299 450 1333 etalii
468 1297 691 1331 considerent
717 1294 922 1328 discrimina
947 1294 1162 1327 auditorum.
1217 1292 1255 1327 Si

265 1351 397 1384 adsunt
413 1348 608 1390 sanabiles,
631 1352 724 1379 recte
741 1346 947 1378 doceantur.
990 1344 1027 1377 Si
1046 1344 1124 1388 quis
1140 1350 1254 1376 autem

269 1401 396 1434 incidit
420 1400 456 1432 in
481 1399 622 1433 turbam
654 1395 907 1435 insanabilem,
941 1401 980 1428 ut
1008 1393 1155 1427 Ioannes
1176 1406 1255 1426 curn

267 1453 306 1485 in
325 1452 452 1486 balneo
470 1450 621 1483 venisset
637 1444 874 1481 adCherinthi
894 1447 1046 1486 turbam,
1065 1443 1121 1478 hic
1138 1451 1255 1477 osten-

268 1514 303 1536 sa
332 1501 573 1538 consessione,
609 1511 653 1532 ne
679 1499 842 1532 videatur
868 1509 946 1530 cum
971 1497 1041 1529 illis
1064 1496 1256 1536 colludere,

267 1553 551 1599 quamprimum,
586 1551 614 1584 si
640 1556 772 1595 potest,
806 1549 964 1582 discedat
989 1549 1033 1580 ab
1057 1547 1126 1587 eis,
1160 1547 1254 1580 iuxta

266 1605 417 1639 dictum:
454 1602 679 1637 Ilaereticum
706 1598 886 1634 hominem
913 1605 989 1642 post
1014 1611 1120 1631 unam
1151 1605 1256 1643 atque

264 1656 411 1689 alteram
430 1653 710 1686 admonitionem
727 1652 854 1689 vitato,
883 1650 982 1683 Sicut
995 1647 1169 1682 lohannes
1184 1656 1254 1681 sta-

265 1706 330 1740 tim
355 1717 395 1739 ex
422 1704 549 1738 balneo
568 1713 724 1745 egressus
743 1707 804 1734 est.
859 1698 967 1740 Item,
995 1698 1047 1732 Ne
1068 1700 1157 1733 detis
1173 1710 1255 1731 san-

265 1764 359 1792 ctum
382 1755 540 1789 canibus.

369 1805 580 1840 Praesertim
596 1810 710 1837 autem
728 1803 840 1841 decet,
868 1801 1002 1844 privata
1019 1801 1177 1834 convicia
1194 1808 1254 1836 aut

265 1871 338 1892 non
363 1858 535 1896 refutare,
570 1855 660 1888 sicut
686 1853 801 1886 David
828 1853 954 1889 tacuit,
983 1864 1060 1885 cum
1087 1852 1117 1885 ei
1145 1853 1253 1885 male-

264 1909 396 1943 diceret
415 1907 548 1942 Semei:
579 1912 636 1939 aut
657 1904 776 1949 paucis
802 1903 967 1937 refutare.
1021 1902 1067 1936 Et
1095 1903 1252 1945 exempla

264 1960 376 1994 multa
394 1966 475 1992 sunt
499 1968 707 2000 magnorum
727 1955 1004 1997 gubernatorum
1019 1981 1026 1993 ,
1050 1954 1110 1999 qui
1131 1954 1252 1987 convi-

265 2011 317 2045 cia
334 2009 622 2049 dissimularunt,
652 2013 689 2039 ut
707 2005 876 2044 Pericles,
905 2005 1053 2043 Fabius,
1082 2005 1201 2049 Scipio
1220 2013 1251 2039 et

265 2063 325 2095 alii
343 2062 512 2095 fecerunt.
566 2056 836 2092 Lacedaemonii
856 2056 1054 2089 docueruut
1071 2057 1250 2098 provocati

264 2125 282 2146 a
302 2112 514 2153 Mardonia,
532 2111 591 2155 qui
612 2121 689 2142 cum
707 2108 816 2141 sactus
837 2114 923 2140 esset
939 2106 1148 2139 insolentior
1168 2119 1250 2150 pro-

264 2171 343 2209 pter
368 2163 548 2196 silentium
577 2158 959 2197 Lacedaemoniorum,
994 2157 1108 2202 inquit
1136 2158 1251 2192 llcro-

263 2217 388 2253 dotus,
417 2226 495 2246 eum
514 2213 642 2246 elatum
663 2222 734 2244 esse
759 2211 885 2256 ψυχρῇ
906 2206 1010 2254 νίκῃ,
1040 2209 1072 2241 id
1088 2216 1159 2247 est,
1188 2210 1251 2242 fri-

263 2267 343 2309 gida
364 2265 522 2298 victoria.
577 2261 620 2297 Et
643 2263 677 2295 in
705 2262 796 2295 libro
814 2261 986 2294 llerodoti
1014 2261 1168 2293 narratio
1197 2273 1251 2293 re-

263 2318 390 2351 citatur
407 2317 449 2348 de
466 2315 640 2359 Spartano
658 2313 768 2355 legato
783 2338 790 2350 ,
821 2312 880 2357 qui
907 2310 1036 2343 Geloni
1056 2311 1176 2354 Siculo
1193 2324 1250 2345 su-

263 2369 370 2412 perbe
392 2366 638 2410 responderat,
665 2366 704 2397 ad
732 2361 826 2396 hunc
853 2363 968 2396 Gelon
995 2363 1127 2408 inquit:
1164 2362 1249 2396 Pro-

263 2420 324 2452 bra
349 2419 485 2451 obiecta
510 2414 647 2449 homini
681 2415 794 2447 solent
821 2415 907 2446 iram
942 2416 1148 2447 accendere:
1193 2414 1250 2447 'l'u

265 2482 346 2502 vcro
368 2469 429 2502 etsi
449 2467 661 2501 contumelia
680 2466 784 2499 mein
805 2477 967 2498 sermone
986 2465 1128 2498 affecisti
1142 2493 1150 2505 ,
1179 2478 1249 2498 nou

264 2527 380 2553 tamen
400 2519 644 2564 persuadebis,
675 2524 711 2551 ut
730 2517 894 2550 indecora
913 2517 1055 2555 faciam,
1083 2529 1249 2562 compen-

264 2572 373 2604 sando
391 2571 557 2605 convicia.

366 2621 545 2654 Praeterea
571 2621 768 2665 plerunque
801 2619 850 2652 ira
881 2619 1112 2663 impelluntur
1136 2617 1254 2653 homi·
1279 2643 1281 2657 .
1305 2629 1418 2659 stetis,
1451 2633 1522 2654 nou
1556 2620 1705 2653 faciebas
1736 2620 1887 2655 salu-ilia.

1279 2668 1349 2716 ‘'ur}
1378 2669 1462 2706 ruite
1487 2669 1561 2719 γὰρ
1592 2668 1732 2717 κρίνειν
1763 2668 1981 2715 ἀδαήμοιάς
2005 2666 2146 2715 ἄνδρας
2170 2666 2290 2715 ἐάσῃς.

266 2686 326 2707 nes
350 2674 390 2706 ad
415 2672 583 2706 convicia.
645 2670 807 2705 Stultitia
832 2677 881 2704 est
908 2679 1022 2705 autem
1051 2683 1128 2704 cum
1164 2671 1251 2706 irato

1280 2173 1283 2181 ,
1308 2158 1339 2184 et
1357 2150 1588 2194 diligentiam.

1402 338 1505 368 Δυοῖν
1528 336 1709 378 λεγόντοιν,
1732 338 1873 378 θατέρου
1895 337 2120 376 θυμουμένου,

1401 385 1419 418 ὅ
1441 387 1483 428 μὴ
1507 386 1688 420 ἀντιτείνων
1710 393 1778 425 τοῖς
1799 388 1909 429 λόγοις
1932 386 2128 429 σοφώτερος.

1419 446 1581 495 Denique
1605 451 1648 482 de
1675 449 1819 493 privatis
1843 449 2014 482 conviciis
2034 449 2146 482 simus
2169 459 2305 481 memo-

1317 510 1370 531 res
1385 499 1470 532 dicti
1480 499 1586 540 Petri,
1606 499 1720 535 1.Pet.
1733 500 1785 535 3.:
1813 499 1893 533 Non
1904 500 2089 533 reddentes
2105 499 2305 533 convicium

1317 561 1380 594 pro
1397 550 1569 587 convicio.
1619 550 1696 584 Hoc
1714 551 1818 584 etiam
1837 550 2125 590 meminerimus,
2153 551 2191 583 in
2209 551 2305 584 resu-

1317 601 1450 634 tatione
1469 613 1540 634 non
1563 608 1700 636 tantum
1718 601 1862 635 alterius
1881 607 1992 634 errata
2011 598 2304 645 reprehendenda

1316 663 1406 691 csse,
1433 652 1492 684 sed
1517 652 1621 686 etiam
1639 652 1838 686 doctrinam
1864 652 2095 684 necessariam
2122 652 2304 696 perspicua

1316 702 1579 735 adseveratione
1602 703 1869 748 proponendam
1897 714 1990 742 esse,
2016 702 2099 747 quia
2121 714 2193 735 non
2223 703 2306 737 satis

1316 759 1384 793 est,
1407 753 1604 786 academico
1623 766 1720 787 more
1740 753 1982 786 contradicere
2003 753 2100 792 aliis,
2126 755 2185 786 sed
2199 754 2303 787 etiam

1315 805 1573 837 ostendendum
1591 811 1658 846 est,
1689 805 1773 849 quid
1791 805 2016 838 sentiendum
2040 805 2102 844 sit,
2128 804 2216 838 sicut
2234 804 2306 838 De-

1317 852 1515 888 mosthenes
1539 863 1678 896 monet,
1707 868 1784 888 cum
1812 856 1946 901 inquit:
1978 854 2150 901 ἐπιτιμᾷν
2165 851 2305 893 παντός

1315 903 1389 940 ἐστὶ
1404 933 1410 947 ,
1438 903 1708 950 συμβουλεύειν
1724 904 1760 941 δ’
1780 905 1824 941 οὐ
1842 902 1993 944 παντός.

1366 984 1444 1034 Qui
1463 999 1527 1032 per
1549 987 1723 1021 nuncium
1741 987 1895 1022 stultum
1919 988 1998 1034 agit
2024 988 2231 1035 negocium,
2254 993 2306 1022 est

1420 1037 1514 1071 velut
1533 1036 1692 1072 claudus
1704 1036 1873 1086 pedibus,

1414 1106 1588 1149 Congruit
1609 1118 1687 1140 cum
1713 1105 1927 1147 Homerico,
1955 1108 2048 1152 quod
2076 1107 2197 1141 laudat
2217 1106 2305 1140 Pin-

1314 1158 1436 1191 darus:
1466 1155 1604 1191 ἐσθλὸν
1628 1155 1691 1191 καὶ
1712 1154 1754 1191 τὸ
1780 1155 1972 1201 τέτυκται,
2000 1155 2049 1192 ὅτ’
2068 1157 2223 1205 ἅγγελος
2245 1159 2303 1193 αἴ-

1313 1219 1403 1253 σιμα
1419 1206 1509 1253 εἴδη.

1396 1266 1554 1296 Commoda
1577 1275 1625 1294 res
1647 1266 1732 1295 valde
1757 1272 1818 1303 est,
1841 1267 1934 1305 sapiat
1954 1267 1976 1294 si
1999 1267 2120 1295 nuncius
2143 1267 2214 1304 ipse.

1363 1348 1517 1398 Arltjfex
1532 1349 1681 1398 format
1697 1361 1804 1396 opus:
1832 1347 1886 1381 Et
1911 1346 2111 1382 conducens
2137 1347 2304 1387 stultum,

1415 1399 1580 1435 conducit
1598 1404 1881 1447 corrumpentem
1899 1411 2000 1445 opem.

1413 1478 1689 1512 Iurisconsultus
1716 1477 1850 1522 inquit:
1887 1477 2018 1521 Magna
2048 1483 2098 1511 est
2128 1475 2303 1511 artificum

1312 1530 1527 1563 differentia.
1590 1528 1637 1563 Et
1662 1529 1772 1562 multa
1798 1536 1880 1563 sunt
1907 1529 1998 1562 dicta
2028 1529 2071 1561 de
2097 1528 2303 1561 discrimine

1311 1582 1506 1620 artificum,
1540 1582 1583 1614 de
1609 1580 1862 1624 impostoribus
1890 1587 1922 1613 et
1947 1579 2208 1620 afflctionibus,
2241 1579 2303 1623 qui

1312 1645 1346 1665 se
1371 1633 1555 1667 venditant
1579 1644 1640 1676 pro
1666 1631 1877 1671 artificibus,
1905 1643 1984 1664 cum
2012 1642 2084 1664 non
2108 1630 2190 1664 sint.
2247 1629 2304 1671 Ut,

1312 1684 1458 1726 plurimi
1477 1690 1559 1717 sunt
1576 1683 1796 1726 impostores,
1815 1683 1876 1727 qui
1895 1682 2020 1715 volunt
2037 1681 2148 1714 videri
2165 1681 2304 1717 medici.

1312 1733 1463 1767 Plurimi
1490 1735 1625 1767 indocti
1647 1734 1914 1766 concionatores
1932 1740 2034 1773 sunt,
2062 1733 2125 1776 qui
2148 1733 2302 1765 adulan-

1311 1793 1368 1819 tur
1387 1785 1490 1827 vulgo
1507 1791 1566 1818 aut
1584 1784 1800 1828 potentibus.

1411 1844 1585 1877 Traditur
1610 1854 1690 1885 crgo
1717 1840 1772 1875 hie
1797 1841 2012 1882 admonitio,
2041 1853 2130 1886 quae
2152 1842 2194 1873 ad
2216 1853 2302 1885 pru-—

1310 1895 1465 1929 dentiam
1486 1895 1656 1939 pertinet,
1682 1901 1718 1927 ut
1739 1894 1916 1935 eligantur
1935 1893 1969 1925 in
1990 1892 2147 1937 qualibet
2168 1905 2203 1926 re
2223 1894 2301 1926 ido-

1309 1947 1378 1981 nei.
1435 1946 1548 1979 Simul
1572 1945 1676 1979 ctiam
1703 1945 1918 1989 praecipitur
1938 1942 1992 1977 his
2008 1944 2069 1989 qui
2088 1944 2300 1988 profitentur

1308 2007 1417 2036 artes,
1442 2009 1485 2029 ne
1513 1997 1582 2030 sint
1609 1997 1817 2040 impostores
1842 2003 1900 2030 aut
1925 1995 2143 2036 ardeliones,
2176 1997 2234 2029 sed
2260 2003 2299 2030 ut

1309 2048 1439 2082 Paulus
1463 2048 1600 2093 inquit,
1627 2048 1699 2081 siut
1723 2046 1879 2086 Fideles,
1910 2047 1942 2079 id
1971 2054 2040 2084 est,
2070 2053 2162 2079 recte
2187 2046 2299 2081 sciant

1308 2107 1395 2132 artes
1422 2111 1507 2145 quas
1533 2099 1762 2143 profitentur,
1788 2107 1820 2132 et
1847 2100 1882 2131 in
1902 2110 1966 2131 usu
1993 2104 2169 2142 praestent
2194 2097 2298 2131 tidem

1641 2149 1735 2183 llaec
1762 2150 1881 2183 omnia
1905 2149 2153 2194 complectitur
2176 2149 2299 2190 virtus,

1307 2214 1396 2247 quae
1420 2201 1632 2234 nominatur
1658 2198 1873 2240 Sedulilas,
1905 2213 1994 2245 quae.
2019 2207 2070 2234 est
2089 2200 2224 2245 proprii
2243 2201 2298 2234 of-

1308 2254 1374 2286 licii
1402 2265 1460 2286 seu
1488 2252 1684 2286 vocationis
1707 2265 1814 2297 opera
1840 2260 1872 2287 et
1900 2252 2098 2295 intelligere
2123 2258 2157 2284 et
2182 2251 2297 2284 fideli-

1308 2312 1359 2338 tcr
1377 2305 1500 2338 facere.

1409 2363 1488 2397 lluc
1517 2364 1695 2408 pertinent
1726 2363 1834 2397 dicta:
1878 2362 1994 2406 Quam
2024 2361 2172 2408 quisque
2200 2362 2296 2397 norit

1307 2423 1434 2455 artem,
1463 2416 1497 2448 iu
1523 2413 1586 2449 liac
1612 2427 1646 2448 sc
1672 2421 1839 2449 exerceat.
1895 2414 1999 2448 ltem:
2033 2414 2212 2459 Quodque
2232 2425 2295 2462 pa-

1308 2480 1384 2499 rum
1405 2467 1516 2507 noxit,
1536 2478 1640 2500 nemo
1663 2468 1787 2500 docere
1813 2473 1934 2510 potest.
1975 2465 2079 2500 ltem:
2112 2464 2219 2498 Aliud
2243 2471 2295 2499 est

1306 2525 1501 2562 sceptrum,
1519 2518 1612 2551 aliud
1632 2523 1678 2549 est
1700 2516 1882 2560 plectrum.
1932 2516 2035 2551 ltem:
2068 2515 2203 2550 τίκτων
2218 2514 2294 2564 γὰρ

1280 2599 1281 2607 ,
1306 2567 1359 2602 ‹ii›-
1381 2569 1553 2614 ἔπραττες
1575 2567 1618 2602 οὐ
1643 2566 1887 2615 ξι·λυι’(ι;·ικᾶ,
1926 2569 1960 2601 id
1983 2575 2054 2608 est,
2090 2568 2187 2601 saber
2219 2567 2292 2600 exi-

1950 2618 2035 2652 ltem
2061 2616 2290 2664 Plini-ylidos:
