2409 2915
0 672 13 860 ῌ-«Α-
8 400 23 660 ...οἱ-ξ“ἱᾸ-.
14 357 19 390 —.
10 293 21 344 -ι
13 259 20 280 ο
14 200 21 231 -ι
15 0 25 151 mccc-...⁴

0 1307 1 1311 ’
42 1312 83 1340 ut
115 1304 158 1338 ad
193 1314 254 1336 vos
289 1303 486 1346 exemplum
522 1302 729 1337 mitteretur.

0 1368 1 1377 ¹
41 1355 136 1389 enim
161 1352 339 1398 aliquibus
364 1353 420 1386 edi
442 1352 582 1396 publice
606 1349 701 1386 hunc
723 1353 1027 1393 commentarium,

71 109 147 149 537
317 108 400 146 xn.

458 104 849 145 ANNOTATIONES
875 106 944 144 ET
969 106 1250 146 CONCIONES
1277 110 1328 147 IN
1353 109 1536 153 EVANG.
1563 113 1843 156 MATTHAEI.

2009 121 2083 158 538

68 195 225 230 manicas
242 206 343 230 voces
352 194 487 230 Latinis
503 194 652 227 insertas
668 192 773 227 etiam
792 193 830 227 in
846 191 912 228 hoc
929 206 1052 230 excuso
1101 207 1179 229 rum
1199 195 1353 231 editione
1369 210 1506 233 causam
1524 202 1698 245 praeberi,
1723 214 1815 238 nova
1832 204 2021 240 certamina
2039 209 2083 241 de

67 247 227 291 exemplo
251 245 430 280 interdum
453 244 679 289 reliquimus,
702 249 742 277 ut
757 244 918 278 rudiores
941 247 1050 290 magis
1099 246 1260 280 doctrina
1282 248 1477 289 excitandi,
1503 258 1564 285 aut
1584 252 1700 295 priora
1723 255 1917 289 renovandi
1942 263 1975 291 et
1995 269 2081 291 con-

66 297 209 342 proprie
224 295 355 331 Latina
371 294 593 329 Germanicis
609 293 757 328 reddere
773 303 983 332 assuescant.

166 372 269 407 Hane
288 377 403 406 autem
417 368 575 415 Philippi
598 369 794 406 institutam
819 372 1045 417 scriptionem

64 435 167 468 saepe
194 423 476 465 interruperunt,
510 421 565 454 vel
594 422 734 465 publica
766 420 871 457 huius
897 421 1046 458 Scholae

63 473 217 519 pericula
241 478 274 506 et
297 471 562 516 dissipationes,
589 478 629 505 ut
653 484 732 505 cum
753 481 895 517 propter
914 481 1043 518 pestem

61 532 122 559 aut
151 522 283 557 bellum
317 519 401 556 hinc
431 522 696 566 expellebantur
720 522 952 557 Professores:
987 525 1043 558 vel

59 574 214 620 privatae
236 572 346 617 ipsius
369 572 621 617 profectiones,
648 573 744 607 iussu
770 573 942 608 Electoris
964 586 1040 609 sus-

59 630 175 668 ceptae
205 624 250 657 ad
280 629 475 657 conventus
503 623 720 668 imperiales,
756 625 946 670 colloquia,
979 633 1040 660 aut

54 673 188 708 similes
213 673 496 708 deliberationes.
561 672 684 719 Itaque
711 674 800 708 mihi
834 676 1040 720 perdifficile

51 724 141 765 fuit,
166 723 411 759 annotationes
428 724 466 757 in
483 730 595 758 totum
610 723 843 769 Evangelium
863 723 1035 761 Matthaei

51 773 260 819 impetrare,
294 775 498 819 praesertim
525 786 605 808 cum
629 775 734 809 etiam
758 777 843 810 dum
869 774 926 810 hic
950 783 1034 817 erat,

50 825 183 859 multae
204 824 401 859 inciderent
418 825 681 869 occupationes,
707 839 795 871 quae
818 828 926 870 ipsius
951 827 1036 860 scri-

50 875 188 920 ptiones
210 875 434 920 impedirent.
485 874 577 909 Dedi
602 882 717 910 tamen
741 888 901 921 operam,
926 885 966 911 ut
982 885 1036 911 to-

49 926 113 961 ties
139 932 296 970 suscepta
320 925 365 960 sit
388 938 406 960 a
421 937 478 959 me
503 926 687 971 explicatio
708 925 878 962 Matthaei
897 928 1036 972 publice

48 975 87 1010 in
102 974 271 1020 Ecclesia,
294 976 406 1010 donec
422 977 564 1010 tandem
582 977 620 1009 in
636 983 743 1011 totam
760 978 834 1011 eius
851 976 1033 1012 historiam

47 1027 224 1070 integrum
253 1027 353 1071 quasi
390 1027 680 1061 commentarium
709 1028 893 1071 elicerem,
931 1028 1030 1074 isque

2 1068 6 1079 ⁸
47 1078 239 1124 completus
253 1077 320 1114 fuit
334 1089 429 1112 anno
447 1078 490 1112 ab
508 1075 591 1112 hinc
608 1078 723 1113 tertio.

146 1152 253 1186 Hunc
269 1164 332 1197 ego
352 1150 575 1187 Thesaurum
599 1152 690 1187 inter
707 1149 770 1186 res‘
786 1149 874 1185 mihi
890 1152 1029 1187 carissi-

44 1215 117 1238 mas
133 1204 366 1247 reponebam,
393 1209 427 1236 et
443 1203 511 1236 iam
529 1203 565 1236 in
582 1214 622 1235 eo
640 1214 733 1235 eram
755 1203 894 1243 labore,
921 1209 960 1237 ut
976 1203 1031 1235 in-

43 1262 180 1299 tegrum
199 1265 287 1297 opus
313 1264 389 1286 mea
406 1264 515 1286 manu
531 1252 783 1294 describerem,
811 1264 850 1285 eo
873 1253 1030 1293 consilio,

790 1302 1029 1336 Suadentibus

38 1403 362 1440 animadvertebam
385 1409 543 1437 autorem
565 1413 709 1447 prorsus
731 1414 750 1436 a
784 1403 1023 1446 publicatione

38 1453 247 1495 abhorrere,
273 1453 360 1486 adeo
376 1453 530 1497 quidem,
557 1459 595 1486 ut
613 1453 825 1486 instantibus
844 1453 1022 1498 aliquibus

36 1506 216 1540 interdum
239 1503 448 1537 commotius
464 1504 709 1547 responderet,
735 1515 808 1537 non
833 1504 1022 1547 permissu-

36 1569 115 1591 rum
137 1567 192 1594 se,
218 1561 257 1588 ut
273 1555 453 1596 ederetur,
479 1567 519 1588 eo
538 1555 632 1599 quod
655 1554 770 1587 obiter
786 1561 818 1588 et
836 1566 896 1597 per
918 1555 1021 1597 longa

37 1619 137 1652 saepe
158 1604 342 1639 intervalla
363 1612 580 1648 temporum,
608 1610 640 1638 et
658 1604 837 1637 interdum
861 1605 1022 1638 festinata

36 1669 142 1703 opera
164 1668 182 1690 a
198 1667 234 1689 se
258 1655 406 1699 scriptae
430 1655 513 1688 istae
535 1655 786 1688 conciunculae
808 1661 937 1696 essent,
964 1666 1021 1688 ac-

36 1707 278 1744 commodatae
299 1706 341 1738 ad
366 1712 503 1749 captum
531 1705 673 1737 rudium
693 1706 914 1745 auditorum,
942 1706 1020 1749 qui-

34 1760 101 1792 bus
125 1757 302 1788 interdum
329 1767 383 1784 res
407 1755 630 1794 gravissimae.
661 1756 886 1794 exponendae
907 1763 1020 1788 esseut

34 1803 293 1847 ἀιιαθέστερον
320 1800 382 1836 καὶ
409 1800 649 1847 σαφέστερον.
705 1801 755 1835 lta
782 1803 910 1834 factum
936 1814 1019 1843 esse,

32 1843 73 1893 ut
98 1856 190 1890 haud
214 1853 320 1887 dubie
345 1852 454 1886 multa
482 1853 516 1884 in
551 1852 592 1884 iis
617 1852 855 1896 reperirentur
881 1853 1018 1893 mutila,

32 1907 188 1943 concisa,
214 1916 288 1937 non
311 1903 402 1936 iusto
429 1903 552 1935 ordine
576 1915 614 1935 ac
640 1899 827 1941 methodo,
853 1914 915 1935 nec
943 1904 1016 1945 pari

33 1956 215 2000 diligentia
237 1954 355 1987 omnia
380 1954 567 1997 explicata,
602 1953 731 1985 alicubi
763 1954 865 1986 etiam
897 1955 1015 1986 eadem

30 2009 173 2043 moleste
193 2005 352 2048 repetita,
380 2004 532 2049 denique
551 2004 714 2047 pleraque
734 2003 882 2042 inculta,
910 2010 941 2037 et
960 2004 1016 2036 in-

32 2061 138 2101 digna
155 2068 244 2093 esse,
273 2066 360 2099 quae
377 2055 596 2087 eruditorum
620 2054 730 2086 oculis
755 2052 1014 2087 exhiberentur.

29 2109 124 2143 Fieri
142 2107 243 2140 etiam
265 2104 432 2147 potuisse,
459 2112 496 2137 ut
521 2104 557 2136 in
583 2111 677 2138 tanta
705 2105 927 2145 negociorum
953 2117 1013 2137 va-

29 2161 170 2197 rietate,
198 2163 228 2188 et
255 2154 454 2197 scriptionis
480 2151 584 2187 huius
608 2154 845 2192 festinatione,
881 2155 1011 2187 alicubi

29 2209 172 2243 voculae
189 2206 325 2250 aliquae
350 2204 416 2236 sibi
433 2204 642 2242 exciderint,
671 2217 756 2248 quae
775 2204 1011 2247 s1·‹ptcacib11s

27 2267 62 2294 et
78 2257 206 2293 severis
221 2257 415 2289 alienorum
440 2254 648 2297 scriptorum
667 2255 871 2287 censoribus
894 2267 1011 2297 repre-

27 2309 239 2344 hensionum
258 2316 394 2339 causam
412 2304 632 2348 praebiturae
649 2311 773 2338 essent.
828 2304 1009 2337 Postremo

27 2373 99 2396 esse
129 2357 235 2392 huius
264 2355 370 2390 seculi
399 2367 472 2387 eam
508 2353 766 2393 infelicitatem,
801 2362 839 2387 ut
868 2355 1007 2397 ingenia

25 2411 193 2457 quaedam
219 2408 299 2441 talia
327 2405 531 2450 produxerit
554 2412 584 2438 et
611 2405 821 2442 admiretur,
858 2416 945 2448 quae
969 2406 1006 2438 in
1030 2427 1031 2456 ζ

26 2459 91 2495 hoc
122 2460 187 2493 sibi
218 2469 388 2491 summam
414 2456 622 2488 eruditionis
651 2463 682 2489 et
706 2455 841 2498 pictatis
867 2455 1004 2488 laudem

1097 296 1272 335 firmandi,
1300 299 1502 341 praesertim
1521 312 1598 333 cum
1618 314 1838 349 nequaquam
1857 305 1924 339 sibi
1941 313 2080 342 tantum

1095 346 1163 380 ocii
1181 359 1275 380 nunc
1293 350 1552 388 concederetur,
1582 360 1752 395 qnantum
1769 356 1812 388 ad
1827 357 2078 400 perlegendum

1095 403 1128 431 et
1144 398 1369 431 retexendum
1387 396 1448 432 has
1463 400 1613 444 pagellas
1629 402 1712 436 satis
1728 411 1826 445 esset,
1843 419 1928 451 quas
1942 409 2076 442 tumul-

1093 447 1205 482 tuaria
1234 455 1266 482 et
1294 449 1491 495 interrupta
1515 462 1618 495 saepe
1641 463 1746 497 opera
1771 454 1933 491 effuderit
1957 459 2075 501 potius

1092 510 1195 543 quam
1213 499 1388 542 scripserit
1405 501 1441 533 in
1460 498 1554 535 hunc
1577 502 1680 535 finem
1693 527 1702 542 ‚
1729 510 1768 538 ut
1782 504 1869 538 mihi
1888 509 2074 542 conciona-

1092 555 1171 582 turo
1195 561 1332 583 causam
1358 551 1563 594 diligentius
1589 553 1768 596 cogitandi
1793 555 1835 588 de
1858 556 1959 590 dictis
1977 557 2072 593 Mat-

1090 597 1181 633 thaei
1208 599 1451 643 Evangelistae
1472 603 1672 646 praeberet,
1701 616 1773 638 non
1797 611 1836 639 ut
1857 605 1894 639 in
1915 607 2072 651 plurium

1088 662 1212 683 manus
1236 651 1316 684 illae
1340 652 1494 695 pagellae
1519 661 1778 697 spargerentur.
1828 654 1957 691 Extare
1981 659 2073 692 alio-

1086 712 1165 733 rum
1184 701 1293 735 iustos
1308 707 1341 735 et
1359 703 1515 738 eruditos
1532 704 1568 736 in
1586 702 1681 738 hune
1697 703 1957 750 Evangelistam
1974 720 2072 742 com-

1085 752 1293 790 mentarios,
1328 764 1416 797 quos
1437 754 1535 788 malit
1557 766 1577 788 a
1603 756 1864 790 concionaturis
1888 758 2013 803 inspici
2037 765 2070 794 et

1085 803 1240 843 consuli,
1266 814 1369 848 quam
1387 801 1449 837 has
1470 815 1550 837 suas
1565 806 1884 842 annotatiunculaS.

1186 868 1276 903 Cum
1298 869 1405 913 igitur
1429 870 1466 904 in
1486 868 1551 904 hac
1575 872 1747 906 sententia
1770 873 1862 907 serio
1881 875 2067 908 confirma-

1083 925 1158 953 tum
1185 920 1339 953 viderem
1362 920 1556 955 Dominum
1581 920 1807 968 Philippum,
1841 926 1935 970 quod
1957 926 2068 959 nollet

1082 972 1272 1004 concedere
1288 971 1476 1005 editionem
1495 969 1601 1006 huius
1615 975 1873 1015 commentarii,
1895 976 2004 1020 coepi,
2026 983 2066 1009 ut

1081 1027 1161 1054 ante
1186 1022 1278 1062 dixi,
1313 1034 1387 1055 mea
1411 1034 1517 1055 manu
1543 1035 1621 1056 eum
1646 1024 1897 1066 transcribere,
1930 1033 1969 1060 ut
1991 1026 2066 1059 eius

1081 1072 1280 1116 exemplum
1304 1073 1346 1104 ad
1373 1085 1434 1106 vos
1457 1073 1494 1106 in
1525 1073 1671 1116 patriam
1693 1075 1878 1108 mitterem.
1931 1075 2065 1110 Multas

1079 1121 1172 1154 enim
1192 1134 1310 1155 causas
1326 1119 1496 1155 habebam
1509 1150 1518 1163 ,
1546 1135 1607 1157 cur
1625 1121 1719 1158 hunc
1735 1124 1975 1169 Praeceptoris
1992 1126 2061 1159 mei

1081 1172 1307 1204 utilissimum
1328 1172 1502 1211 laborem,
1529 1186 1598 1218 quo
1622 1186 1683 1217 ego
1708 1175 1745 1208 in
1768 1176 1924 1210 docenda
1939 1174 2064 1211 Eccle-

1078 1221 1127 1254 sia
1147 1219 1210 1255 hac
1228 1234 1300 1255 non
1320 1222 1394 1255 sine
1409 1223 1523 1257 fructu
1541 1225 1756 1264 auditorum,
1782 1233 1822 1260 ut
1838 1238 1951 1271 spero,
1977 1238 2062 1260 usus

1078 1283 1191 1312 eram,
1219 1279 1404 1305 statuerem
1425 1274 1603 1306 vobiscum
1629 1277 1958 1311 communicandum
1977 1288 2062 1311 esse.

1075 1321 1162 1353 Nam
1195 1330 1331 1365 praeter
1362 1323 1421 1355 illa
1456 1325 1670 1357 sanctissima
1705 1327 1900 1360 communis
1930 1328 2062 1370 patriae

1074 1372 1232 1410 vincula,
1267 1373 1394 1416 quibus
1421 1372 1513 1406 inter
1536 1385 1600 1406 nos
1623 1381 1746 1407 mutuo
1768 1376 1915 1419 obligati
1939 1388 2060 1410 sumus

1073 1423 1115 1454 ad
1133 1422 1275 1466 quaevis
1293 1423 1405 1455 officia
1424 1425 1644 1467 praestanda,
1671 1425 1860 1459 movebant
1876 1438 1930 1458 me
1946 1434 2060 1460 vestra

1074 1473 1324 1513 munificentia,
1349 1485 1418 1518 qua
1436 1486 1509 1506 mea
1527 1475 1640 1507 studia
1659 1475 1696 1507 in
1715 1472 1903 1510 Academia
1920 1476 2060 1521 Lipsica

1073 1529 1104 1556 et
1129 1520 1186 1556 hic
1204 1522 1439 1567 WVitebergae
1467 1524 1660 1558 liberaliter
1685 1526 1909 1569 provexistis,
1936 1535 1968 1561 et
1991 1528 2059 1561 alia

1073 1573 1238 1606 beneficia
1263 1580 1395 1614 vestra,
1432 1575 1562 1619 quibus
1591 1587 1645 1608 me
1671 1575 1778 1620 longo
1804 1577 1874 1610 iam
1899 1583 2056 1623 tempore

1069 1624 1247 1657 absentem
1270 1625 1444 1660 affecistis.

1170 1689 1309 1723 Deinde
1333 1690 1530 1724 iudicabam
1554 1704 1609 1725 me
1629 1689 1696 1726 hoc
1719 1691 1851 1736 patriae
1873 1705 1970 1727 meae
1993 1694 2056 1728 ‹le-

1068 1741 1161 1778 bere,
1188 1745 1226 1771 ut
1244 1739 1298 1771 cui
1321 1741 1357 1771 in
1380 1741 1614 1775 illustratione
1631 1750 1662 1776 et
1680 1744 1930 1787 propagatione
1949 1757 2055 1788 purae

1068 1788 1248 1822 doctrinae
1268 1787 1451 1832 Evangelii
1469 1803 1583 1824 coram
1603 1794 1764 1836 prodesse
1781 1806 1819 1827 ac
1834 1795 1964 1828 servire
1981 1807 2055 1828 non

1067 1850 1220 1882 possem,
1245 1839 1368 1872 absens
1386 1840 1418 1872 ei
1433 1841 1631 1884 impertirer
1655 1843 1731 1883 illa,
1758 1855 1845 1887 quae
1861 1843 1917 1878 hic
1934 1857 1952 1878 a
1969 1845 2054 1878 viris

1066 1890 1211 1922 eruditis
1228 1896 1261 1922 et
1277 1890 1452 1922 donorum
1468 1892 1671 1925 excellentia
1688 1894 1946 1937 praestantibus
1964 1893 2053 1928 hau-

1065 1939 1184 1972 sissem
1204 1946 1237 1973 et
1254 1939 1481 1983 collegissem.

1166 2003 1231 2037 His
1247 2011 1279 2038 et
1295 2005 1372 2038 aliis
1390 2005 1586 2039 rationibus
1603 2013 1728 2049 motus,
1751 2009 1835 2041 dum
1853 2010 2050 2055 exemplum

1065 2055 1166 2087 vobis
1193 2067 1349 2088 mearum
1372 2057 1583 2089 concionum
1610 2059 1780 2092 adornare
1807 2059 1949 2100 laboro,
1976 2074 2048 2094 uno

1061 2106 1159 2148 quasi
1184 2106 1318 2148 impetu
1339 2106 1375 2138 in
1393 2118 1446 2138 me
1463 2107 1603 2140 irruunt
1621 2108 1755 2153 aliquot
1773 2107 1830 2142 hic
1847 2111 1997 2153 collegae
2015 2119 2048 2144 et

1061 2155 1162 2187 amici
1180 2156 1260 2195 mei,
1287 2156 1349 2200 qui
1364 2167 1489 2199 magno
1505 2158 1622 2190 studio
1640 2171 1658 2191 a
1675 2171 1729 2192 me
1749 2161 1978 2197 contendunt,
2008 2167 2046 2194 ut

1061 2202 1154 2237 hunc
1172 2207 1462 2240 commentarium
1480 2208 1515 2239 iu
1535 2206 1765 2247 Matthaeum,
1790 2216 1828 2242 ut
1845 2216 1905 2248 est,
1925 2222 1942 2242 a
1961 2208 2045 2242 Phi-

1060 2255 1157 2298 lippo
1176 2256 1344 2299 scriptus,
1373 2257 1465 2302 typis
1483 2259 1605 2291 excudi
1630 2271 1785 2291 curarem
1798 2283 1807 2297 ‚
1835 2260 1963 2304 quibus
1979 2261 2043 2294 etsi

1059 2317 1140 2347 ego,
1165 2306 1248 2350 quid
1269 2304 1357 2339 mihi
1376 2308 1544 2347 obstaret,
1574 2309 1808 2351 exponebam,
1836 2322 1962 2354 nempe
1980 2323 2043 2344 au-

1031 2356 1143 2388 ·toris
1177 2357 1284 2399 ipsius
1320 2355 1616 2401 prohibitionem,
1653 2372 1755 2403 quem
1789 2360 2040 2394 offendendum

1057 2403 1119 2439 hac
1141 2407 1294 2441 editione
1310 2421 1379 2441 non
1401 2415 1571 2451 putarem,
1598 2421 1676 2442 curn
1696 2409 1808 2453 ipsum
1827 2413 1869 2443 ad
1888 2412 2041 2444 conscri-

1055 2457 1185 2490 bendas
1206 2458 1241 2491 in
1260 2471 1368 2491 meam
1385 2465 1416 2491 et
1434 2457 1607 2492 Ecclesiae
1629 2461 1774 2502 gratiam
1793 2467 1824 2494 et
1850 2461 2037 2494 utilitatem

25 2517 191 2556 quaerant
214 2509 307 2552 apud
340 2507 516 2546 indoctos,
551 2506 578 2539 si
604 2506 704 2539 etiam
739 2512 829 2538 recte
852 2506 1001 2539 aliorum
1027 2500 1029 2556 j
1054 2505 1115 2540 has
1139 2509 1324 2542 conciones
1353 2516 1420 2541 tam
1448 2506 1644 2543 habuissem
1673 2517 1866 2553 promtum,
1900 2512 2035 2545 facilem

25 2563 112 2595 dicta
136 2571 231 2594 secus
261 2559 552 2601 interpretentur,
587 2564 619 2591 et
644 2557 736 2589 varia
769 2556 816 2588 ibi
842 2568 1000 2589 errorum

25 2618 56 2645 et
79 2609 264 2644 haereseon
293 2608 424 2641 semina
450 2608 553 2640 latere
585 2614 617 2641 et
640 2607 805 2640 occultari
841 2618 1000 2648 pronun-

23 2661 123 2697 cient.
173 2659 234 2694 Eis
252 2671 287 2693 se
311 2659 404 2693 nolle
431 2655 556 2691 harum
579 2658 721 2692 rudium
747 2657 997 2692 conciuncula-
1023 2658 1027 2700 ,’

1052 2563 1084 2590 et
1111 2559 1317 2600 benignum:
1356 2565 1470 2592 tamen
1497 2560 1546 2591 illi
1573 2572 1697 2602 urgere
1720 2561 1809 2592 serio
1834 2569 2035 2604 coeperunt,

1051 2614 1084 2641 et
1099 2611 1280 2643 ostendere
1297 2609 1401 2641 simul
1420 2609 1534 2642 literas
1551 2611 1692 2643 aliunde
1708 2609 1776 2643 huc
1791 2611 1911 2644 missas
1929 2613 2034 2657 (qua-

1051 2658 1099 2692 les
1124 2660 1227 2694 etiam
1254 2659 1324 2704 ipse
1349 2672 1387 2693 ex
1403 2660 1550 2693 diversis
1567 2660 1652 2694 locis
1676 2660 1874 2706 frequentes
1890 2674 2033 2708 accepe-
